Date,Transaction type,Description,Paid out,Paid in,Balance
2015-08-14,Bank credit NHS PROF 75219,Bank credit NHS PROF 75219,,£216.88,"£1,828.80"
2015-08-14,Direct Debit - First Payment VIRGIN MEDIA PYMTS,VIRGIN MEDIA PYMTS,£77.98,,"£1,750.82"
2015-08-14,ATM Withdrawal LINK,ATM Withdrawal LINK,£30.00,,"£1,720.82"
2015-08-17,Direct debit EE & T-MOBILE,EE & T-MOBILE,£31.87,,"£1,688.95"
2015-08-17,Visa purchase,GOOGLE *Bethesda Games GOOGLE.COM/CH GB 0000,£0.76,,"£1,688.19"
2015-08-17,Visa purchase,CO-OP GROUP 180260 Warners End GB 0000,£8.59,,"£1,679.60"
2015-08-18,Visa purchase,CO-OP GROUP 180260 Warners End GB 0000,£4.68,,"£1,674.92"
2015-08-18,Visa purchase,ASDA STORES LTD HEMEL HEMPSTE GB 0000,£18.76,,"£1,656.16"
2015-08-19,Visa purchase,GOOGLE *Bethesda Games GOOGLE.COM/CH GB 0000,£3.06,,"£1,653.10"
2015-08-19,Visa purchase,GOOGLE *Bethesda Games GOOGLE.COM/CH GB 0000,£3.07,,"£1,650.03"
2015-08-20,Visa purchase,CO-OP GROUP 180260 Warners End GB 0000,£6.00,,"£1,644.03"
2015-08-20,ATM Withdrawal LINK,ATM Withdrawal LINK,£10.00,,"£1,634.03"
2015-08-21,Bank credit NHS PROF 75219,Bank credit NHS PROF 75219,,£332.71,"£1,966.74"
2015-08-22,ATM Withdrawal LINK,ATM Withdrawal LINK,£20.00,,"£1,946.74"
2015-08-22,Visa purchase,Amazon UK Marketplace 800-279-6620 LU 0000,£4.99,,"£1,941.75"
2015-08-22,Visa purchase,CO-OP GROUP 180260 Warners End GB 0000,£5.45,,"£1,936.30"
2015-08-22,Visa purchase NETFLIX.COM,NETFLIX.COM 866-716-0414 NL 0000,£5.99,,"£1,930.31"
2015-08-22,Visa purchase,CO-OP GROUP 180260 Warners End GB 0000,£12.50,,"£1,917.81"
2015-08-24,ATM Withdrawal LINK,Withdrawal 23 August 2015,£10.00,,"£1,907.81"
2015-08-24,Visa purchase,CO-OP GROUP 180260 Warners End GB 0000,£21.00,,"£1,886.81"
2015-08-24,Visa purchase,PIZZA EXPRESS BERKHAMSTED 1 GB 0000,£63.00,,"£1,823.81"
2015-08-24,Visa purchase,WAITROSE 223 BERKHAMSTED GB 0000,£10.21,,"£1,813.60"
2015-08-25,Visa purchase,"Amazon Svcs Europe,SAR AMAZON.CO.UK LU 0000",£6.99,,"£1,806.61"
2015-08-25,Visa purchase,Amazon UK Marketplace 800-279-6620 LU 0000,£15.99,,"£1,790.62"
2015-08-25,Visa purchase,Amazon UK Marketplace 800-279-6620 LU 0000,£29.70,,"£1,760.92"
2015-08-25,Visa purchase,Amazon UK Marketplace 800-279-6620 LU 0000,£33.98,,"£1,726.94"
2015-08-26,Visa purchase,CO-OP GROUP 180260 Warners End GB 0000,£9.29,,"£1,717.65"
2015-08-26,Visa purchase,ARGOS LTD HEMEL HEMPSTE GB 0000,£9.99,,"£1,707.66"
2015-08-26,Visa purchase,Amazon UK Retail AMAZON.CO.UK LU 0000,£56.99,,"£1,650.67"
2015-08-27,Visa purchase,CO-OP GROUP 180260 Warners End GB 0000,£2.00,,"£1,648.67"
2015-08-27,Visa purchase,WATERSTONES HERTS GB 0000,£12.98,,"£1,635.69"
2015-08-27,ATM Withdrawal SANTANDER,ATM Withdrawal SANTANDER,£20.00,,"£1,615.69"
2015-08-28,Bank credit NHS PROF 75219,Bank credit NHS PROF 75219,,£219.46,"£1,835.15"
2015-08-28,Visa Credit,WATERSTONES HERTS GB,,£3.99,"£1,839.14"
2015-08-28,Visa purchase,DELIMARCHE ST ALBANS GB 0000,£2.80,,"£1,836.34"
2015-08-28,Visa purchase,LUCKY STARS HEMEL HEMPSTE GB 0000,£13.40,,"£1,822.94"
2015-08-28,ATM Withdrawal LINK,ATM Withdrawal LINK,£10.00,,"£1,812.94"
2015-08-29,Visa purchase,CARDS DIRECT RUGBY GB 0000,£5.98,,"£1,806.96"
2015-08-29,Visa purchase,Amazon UK Retail AMAZON.CO.UK LU 0000,£7.04,,"£1,799.92"
2015-08-29,Visa purchase,CLINTONS 194 HEMEL HEMPSTE GB 0000,£15.50,,"£1,784.42"
2015-08-29,Visa purchase,H&M HEMEL HEMPSTE GB 0000,£19.98,,"£1,764.44"
2015-08-29,Visa purchase,DEBENHAMS HEMEL HEMPSTE GB 0000,£38.00,,"£1,726.44"
2015-08-31,Visa purchase,CH&CO CATERING LTD LONDON ZOO GB 0000,£5.50,,"£1,720.94"
2015-08-31,Visa purchase,YO! SUSHI BAKER STREET LONDON GB 0000,£20.90,,"£1,700.04"
2015-08-31,Visa purchase,TESCO STORES 5912 LONDON GB 0000,£20.92,,"£1,679.12"
2015-08-31,Visa purchase,V.BRITAINSHOP GB LONDON GB 0000,£38.00,,"£1,641.12"
2015-09-01,Direct Debit - First Payment SPECSAVERS FINANCE,SPECSAVERS FINANCE,£13.00,,"£1,628.12"
2015-09-01,Direct debit DACORUM SPORTS TST,DACORUM SPORTS TST,£41.00,,"£1,587.12"
2015-09-01,Direct debit VIRGIN MONEY,VIRGIN MONEY,£50.00,,"£1,537.12"
2015-09-01,Visa purchase,GOOGLE *Omni Systems GOOGLE.COM/CH GB 0000,£2.49,,"£1,534.63"
2015-09-01,Visa purchase,CO-OP GROUP 180260 Warners End GB 0000,£7.94,,"£1,526.69"
2015-09-03,Visa purchase,DELIMARCHE ST ALBANS GB 0000,£3.79,,"£1,522.90"
2015-09-03,Visa purchase,TESCO STORES 2663 HEMEL HEMPSTE GB 0000,£5.14,,"£1,517.76"
2015-09-04,Bank credit NHS PROF 75219,Bank credit NHS PROF 75219,,£257.30,"£1,775.06"
2015-09-04,Visa purchase,DELIMARCHE ST ALBANS GB 0000,£3.79,,"£1,771.27"
2015-09-07,ATM Withdrawal LINK,ATM Withdrawal LINK,£40.00,,"£1,731.27"
2015-09-08,Visa purchase,GOOGLE *nikbits GOOGLE.COM/CH GB 0000,£2.99,,"£1,728.28"
2015-09-09,Standing order,SQUIRE ESTATES,£500.00,,"£1,228.28"
2015-09-09,Visa purchase,ASDA STORES LTD HEMEL HEMPSTE GB 0000,£9.75,,"£1,218.53"
2015-09-10,Visa purchase,DELIMARCHE ST ALBANS GB 0000,£3.77,,"£1,214.76"
2015-09-10,Visa purchase,ARGOS LTD HEMEL HEMPSTE GB 0000,£14.88,,"£1,199.88"
2015-09-11,Bank credit NHS PROF 75219,Bank credit NHS PROF 75219,,£211.71,"£1,411.59"
2015-09-11,Visa purchase,DELIMARCHE ST ALBANS GB 0000,£3.67,,"£1,407.92"
2015-09-12,Visa purchase SPOTIFY SPOTIFY PREMIU,SPOTIFY SPOTIFY PREMIU LONDON GB 0000,£9.99,,"£1,397.93"
2015-09-12,Visa purchase,DELIMARCHE ST ALBANS GB 0000,£3.67,,"£1,394.26"
2015-09-12,Visa purchase Amazon Prime,Amazon Prime 080-04962454 LU 0000,£79.00,,"£1,315.26"
2015-09-14,ATM Withdrawal LINK,Withdrawal 12 September 2015,£20.00,,"£1,295.26"
2015-09-14,Direct debit VIRGIN MEDIA PYMTS,VIRGIN MEDIA PYMTS,£38.99,,"£1,256.27"
2015-09-14,Visa purchase,PLAYSTATIONNETWORK INTERNET GB 0000,£50.00,,"£1,206.27"
2015-09-15,Visa purchase,CO-OP GROUP 180260 Warners End GB 0000,£19.00,,"£1,187.27"
2015-09-16,Visa purchase,DELIMARCHE ST ALBANS GB 0000,£2.80,,"£1,184.47"
2015-09-17,Direct debit EE & T-MOBILE,EE & T-MOBILE,£28.72,,"£1,155.75"
2015-09-17,Visa purchase,DELIMARCHE ST ALBANS GB 0000,£3.67,,"£1,152.08"
2015-09-17,Visa purchase,"Amazon Svcs Europe,SAR AMAZON.CO.UK LU 0000",£7.99,,"£1,144.09"
2015-09-17,Visa purchase,ASDA STORES LTD HEMEL HEMPSTE GB 0000,£21.40,,"£1,122.69"
2015-09-18,Bank credit NHS PROF 75219,Bank credit NHS PROF 75219,,£229.85,"£1,352.54"
2015-09-18,Visa purchase,NOWTV.COM/BILLINGHELP SKY GB 0000,£1.00,,"£1,351.54"
2015-09-18,Visa purchase,DELIMARCHE ST ALBANS GB 0000,£3.67,,"£1,347.87"
2015-09-18,Visa purchase,CO-OP GROUP 180260 Warners End GB 0000,£7.99,,"£1,339.88"
2015-09-18,Visa purchase,Deichmann Shoes Hemel Hempste GB 0000,£19.99,,"£1,319.89"
2015-09-19,Visa purchase,DELIMARCHE ST ALBANS GB 0000,£3.97,,"£1,315.92"
2015-09-19,Visa purchase,CO-OP GROUP 180260 Warners End GB 0000,£6.39,,"£1,309.53"
2015-09-19,ATM Withdrawal LINK,ATM Withdrawal LINK,£20.00,,"£1,289.53"
2015-09-21,ATM Withdrawal LINK,ATM Withdrawal LINK,£30.00,,"£1,259.53"
2015-09-21,Visa purchase,TESCO STORES 3343 HEMEL HEMPSTE GB 0000,£7.98,,"£1,251.55"
2015-09-22,Visa purchase,THE ALFORD ARMS NR. HEMEL HEM GB 0000,£16.00,,"£1,235.55"
2015-09-22,Visa purchase,SAINSBURY'S S/MKT APSLEY MILLS GB 0000,£21.79,,"£1,213.76"
2015-09-22,Visa purchase,ARGOS LTD HEMEL HEMPSTE GB 0000,£49.99,,"£1,163.77"
2015-09-24,Visa purchase NETFLIX.COM,NETFLIX.COM 14085403700 LU 0000,£5.99,,"£1,157.78"
2015-09-24,Visa purchase,CO-OP GROUP 180260 Warners End GB 0000,£4.28,,"£1,153.50"
2015-09-25,Bank credit NHS PROF 75219,Bank credit NHS PROF 75219,,£306.49,"£1,459.99"
2015-09-28,Visa purchase,PLAYSTATIONNETWORK INTERNET GB 0000,£6.77,,"£1,453.22"
2015-09-28,Visa purchase,PLAYSTATIONNETWORK INTERNET GB 0000,£10.79,,"£1,442.43"
2015-09-28,Visa purchase,CO-OP GROUP 180260 Warners End GB 0000,£13.00,,"£1,429.43"
2015-09-28,Visa purchase,WAITROSE 223 BERKHAMSTED GB 0000,£16.33,,"£1,413.10"
2015-09-29,Direct debit SPECSAVERS FINANCE,SPECSAVERS FINANCE,£13.00,,"£1,400.10"
2015-09-30,Visa purchase,JURYS INN WATFORD GB 0000,£2.75,,"£1,397.35"
2015-10-01,Direct debit DACORUM SPORTS TST,DACORUM SPORTS TST,£41.00,,"£1,356.35"
2015-10-01,Direct debit VIRGIN MONEY,VIRGIN MONEY,£50.00,,"£1,306.35"
2015-10-02,Bank credit NHS PROF 75219,Bank credit NHS PROF 75219,,£174.96,"£1,481.31"
2015-10-02,Visa purchase,DELIMARCHE ST ALBANS GB 0000,£3.67,,"£1,477.64"
2015-10-02,Visa purchase,CO-OP GROUP 0000000000000 Warners End GB 0000,£12.00,,"£1,465.64"
2015-10-03,Visa purchase,CO-OP GROUP 180260 Warners End GB 0000,£12.00,,"£1,453.64"
2015-10-03,Visa purchase,TOYS UK HEMEL HEMPSTE GB 0000,£12.99,,"£1,440.65"
2015-10-05,ATM Withdrawal LINK,ATM Withdrawal LINK,£70.00,,"£1,370.65"
2015-10-05,Visa purchase,WILKO RETAIL LIMIT HEMELHEMSTEAD GB 0000,£11.50,,"£1,359.15"
2015-10-05,Visa purchase,BILLS BERKHAMSTED BERKHAMSTED GB 0000,£10.00,,"£1,349.15"
2015-10-06,Visa purchase,ASDA STORES LTD HEMEL HEMPSTE GB 0000,£14.63,,"£1,334.52"
2015-10-07,ATM Withdrawal LINK,ATM Withdrawal LINK,£10.00,,"£1,324.52"
2015-10-08,ATM Withdrawal LINK,ATM Withdrawal LINK,£10.00,,"£1,314.52"
2015-10-09,Bank credit NHS PROF 75219,Bank credit NHS PROF 75219,,£262.69,"£1,577.21"
2015-10-09,Standing order,SQUIRE ESTATES,£500.00,,"£1,077.21"
2015-10-09,Visa purchase MICROSOFT *XBOXLIVE,MICROSOFT *XBOXLIVE 0800 587 1102 IE 0000,£14.99,,"£1,062.22"
2015-10-09,Visa purchase,WAITROSE 223 BERKHAMSTED GB 0000,£9.99,,"£1,052.23"
2015-10-09,Visa purchase,CO-OP GROUP 180260 Warners End GB 0000,£10.00,,"£1,042.23"
2015-10-09,Visa purchase,ZERO BERKHAMSTED GB 0000,£18.00,,"£1,024.23"
2015-10-12,Visa purchase SPOTIFY SPOTIFY PREMIU,SPOTIFY SPOTIFY PREMIU LONDON GB 0000,£9.99,,"£1,014.24"
2015-10-12,Visa purchase,CLINTONS 81 BERKHAMSTED GB 0000,£3.00,,"£1,011.24"
2015-10-12,Visa purchase,BILLS BERKHAMSTED BERKHAMSTED GB 0000,£16.79,,£994.45
2015-10-13,Visa purchase,GOOGLE *UDEMY INC GOOGLE.COM/CH GB 0000,£11.87,,£982.58
2015-10-14,Direct debit VIRGIN MEDIA PYMTS,VIRGIN MEDIA PYMTS,£38.99,,£943.59
2015-10-14,Visa purchase,ITUNES.COM/BILL ITUNES.COM LU 0000,£29.99,,£913.60
2015-10-16,ATM Withdrawal LINK,Withdrawal 15 October 2015,£10.00,,£903.60
2015-10-16,Bank credit NHS PROF 75219,Bank credit NHS PROF 75219,,£336.91,"£1,240.51"
2015-10-16,Visa purchase,CO-OP GROUP 180260 Warners End GB 0000,£6.04,,"£1,234.47"
2015-10-17,Visa purchase,CO-OP GROUP 180260 Warners End GB 0000,£5.34,,"£1,229.13"
2015-10-17,Visa purchase,CO-OP GROUP 180260 Warners End GB 0000,£10.87,,"£1,218.26"
2015-10-19,Direct debit EE & T-MOBILE,EE & T-MOBILE,£29.03,,"£1,189.23"
2015-10-19,Visa purchase,NOWTV.COM/BILLINGHELP SKY GB 0000,£6.99,,"£1,182.24"
2015-10-19,Visa purchase,BILLS BERKHAMSTED BERKHAMSTED GB 0000,£34.43,,"£1,147.81"
2015-10-19,Visa purchase,WAITROSE 223 BERKHAMSTED GB 0000,£7.03,,"£1,140.78"
2015-10-19,Visa purchase,BILLS BERKHAMSTED BERKHAMSTED GB 0000,£25.52,,"£1,115.26"
2015-10-19,ATM Withdrawal LINK,ATM Withdrawal LINK,£10.00,,"£1,105.26"
2015-10-20,Visa purchase,"BOOTS,BERKHAMSTED BERKHAMSTED GB 0000",£4.89,,"£1,100.37"
2015-10-20,Visa purchase,DELIMARCHE ST ALBANS GB 0000,£3.67,,"£1,096.70"
2015-10-21,Visa purchase,TESCO STORES 3343 WARNERS END GB 0000,£5.60,,"£1,091.10"
2015-10-21,Visa purchase,CO-OP GROUP 180260 Warners End GB 0000,£11.71,,"£1,079.39"
2015-10-22,Visa purchase,CO-OP GROUP 180260 Warners End GB 0000,£10.00,,"£1,069.39"
2015-10-22,ATM Withdrawal LINK,ATM Withdrawal LINK,£20.00,,"£1,049.39"
2015-10-23,Bank credit NHS PROF 75219,Bank credit NHS PROF 75219,,£40.80,"£1,090.19"
2015-10-23,Visa purchase,GOOGLE *ZeptoLab GOOGLE.COM/CH GB 0000,£3.29,,"£1,086.90"
2015-10-23,Visa purchase,DELIMARCHE ST ALBANS GB 0000,£3.67,,"£1,083.23"
2015-10-23,Visa purchase NETFLIX.COM,NETFLIX.COM 0800 096 6380 LU 0000,£5.99,,"£1,077.24"
2015-10-24,ATM Withdrawal LINK,ATM Withdrawal LINK,£10.00,,"£1,067.24"
2015-10-24,Visa purchase,GOOGLE *Hindsight Labs GOOGLE.COM/CH GB 0000,£3.17,,"£1,064.07"
2015-10-26,Visa purchase,ZERO BERKHAMSTED GB 0000,£17.50,,"£1,046.57"
2015-10-26,Visa purchase,CO-OP GROUP 180260 Warners End GB 0000,£12.87,,"£1,033.70"
2015-10-26,Visa purchase,TESCO STORES 3343 WARNERS END GB 0000,£16.32,,"£1,017.38"
2015-10-27,Visa purchase,PRIMARK WATFORD GB 0000,£34.00,,£983.38
2015-10-28,Visa purchase,MCDONALDS HEMEL HEMPSTE GB 0000,£9.48,,£973.90
2015-10-29,Direct debit SPECSAVERS FINANCE,SPECSAVERS FINANCE,£13.00,,£960.90
2015-10-29,Visa purchase,ODEON/BOOKIT AYLESBURY GB 0000,£23.50,,£937.40
2015-10-29,Visa purchase,DELIMARCHE ST ALBANS GB 0000,£3.67,,£933.73
2015-10-30,Bank credit NHS PROF 75219,Bank credit NHS PROF 75219,,£437.56,"£1,371.29"
2015-10-30,Visa purchase,DELIMARCHE ST ALBANS GB 0000,£3.67,,"£1,367.62"
2015-10-30,Visa purchase,CO-OP GROUP 180260 Warners End GB 0000,£13.14,,"£1,354.48"
2015-10-30,Visa purchase,V2CIGS VAPOUR2 UK 441733555555 GB 0000,£39.70,,"£1,314.78"
2015-10-31,Visa purchase,DELIMARCHE ST ALBANS GB 0000,£3.67,,"£1,311.11"
2015-11-02,ATM Withdrawal LINK,Withdrawal 31 October 2015,£30.00,,"£1,281.11"
2015-11-02,Direct debit VIRGIN MONEY,VIRGIN MONEY,£50.00,,"£1,231.11"
2015-11-02,ATM Withdrawal LINK,ATM Withdrawal LINK,£100.00,,"£1,131.11"
2015-11-02,Visa purchase,CO-OP GROUP 180260 Warners End GB 0000,£16.00,,"£1,115.11"
2015-11-02,Visa purchase,BILLS BERKHAMSTED BERKHAMSTED GB 0000,£23.98,,"£1,091.13"
2015-11-03,Direct debit DACORUM SPORTS TST,DACORUM SPORTS TST,£41.00,,"£1,050.13"
2015-11-05,Visa purchase,ASDA STORES LTD HEMEL HEMPSTE GB 0000,£8.50,,"£1,041.63"
2015-11-05,ATM Withdrawal LINK,ATM Withdrawal LINK,£20.00,,"£1,021.63"
2015-11-06,Bank credit NHS PROF 75219,Bank credit NHS PROF 75219,,£205.00,"£1,226.63"
2015-11-09,Standing order,SQUIRE ESTATES,£500.00,,£726.63
2015-11-09,Visa purchase,CROWN BERKHAMSTED GB 0000,£16.45,,£710.18
2015-11-09,Visa purchase,TESCO STORES 3343 HEMEL HEMPSTE GB 0000,£1.50,,£708.68
2015-11-09,Visa purchase,CO-OP GROUP 180260 Warners End GB 0000,£13.69,,£694.99
2015-11-11,Visa purchase,WWW.MOONPIG.COM LTD LONDON SE1 GB 0000,£3.94,,£691.05
2015-11-11,Visa purchase,CO-OP GROUP 180260 Warners End GB 0000,£3.81,,£687.24
2015-11-11,Visa purchase SPOTIFY SPOTIFY PREMIU,SPOTIFY SPOTIFY PREMIU LONDON GB 0000,£9.99,,£677.25
2015-11-11,Visa purchase,PLAYSTATIONNETWORK INTERNET GB 0000,£49.99,,£627.26
2015-11-11,ATM Withdrawal LINK,ATM Withdrawal LINK,£20.00,,£607.26
2015-11-12,Visa purchase,DELIMARCHE ST ALBANS GB 0000,£2.00,,£605.26
2015-11-13,Bank credit NHS PROF 75219,Bank credit NHS PROF 75219,,£335.83,£941.09
2015-11-13,Visa purchase,MCDONALDS HEMEL HEMPSTE GB 0000,£14.76,,£926.33
2015-11-14,ATM Withdrawal LINK,Withdrawal 13 November 2015,£20.00,,£906.33
2015-11-14,Visa purchase,SHELL DACORUM HEMEL HEMPSTE GB 0000,£15.02,,£891.31
2015-11-16,Direct debit VIRGIN MEDIA PYMTS,VIRGIN MEDIA PYMTS,£38.99,,£852.32
2015-11-16,Visa purchase,ITUNES.COM/BILL ITUNES.COM LU 0000,£19.99,,£832.33
2015-11-16,Visa purchase,H&M HEMEL HEMPSTE GB 0000,£43.03,,£789.30
2015-11-16,Visa purchase,TESCO STORE 2089 BERKHAMSTED GB 0000,£20.10,,£769.20
2015-11-17,Visa purchase,PAYPAL *FIVERR COM 4029357733 IL 0000,£3.73,,£765.47
2015-11-17,Visa purchase,GREGGS - S0987 HEMEL H'STEAD GB 0000,£2.00,,£763.47
2015-11-17,Visa purchase,DELIMARCHE ST ALBANS GB 0000,£4.19,,£759.28
2015-11-17,Visa purchase,ASDA STORES LTD HEMEL HEMPSTE GB 0000,£20.66,,£738.62
2015-11-17,Visa purchase SNUSLINE,SNUSLINE BET SHEMESH IL 31.900000 EUR at 1.41275 0000,£22.58,,£716.04
2015-11-17,Non-Sterling transaction fee,Non-Sterling transaction fee,£0.45,,£715.59
2015-11-18,Direct debit EE & T-MOBILE,EE & T-MOBILE,£28.78,,£686.81
2015-11-18,Visa purchase,DELIMARCHE ST ALBANS GB 0000,£2.80,,£684.01
2015-11-18,Visa purchase,TESCO STORES 3343 HEMEL HEMPSTE GB 0000,£3.84,,£680.17
2015-11-18,Visa purchase NOWTV.COM/BILLINGHELP,NOWTV.COM/BILLINGHELP SKY GB 0000,£6.99,,£673.18
2015-11-18,Visa purchase,ASDA STORES LTD HEMEL HEMPSTE GB 0000,£9.57,,£663.61
2015-11-19,ATM Withdrawal LINK,ATM Withdrawal LINK,£20.00,,£643.61
2015-11-20,Bank credit NHS PROF 75219,Bank credit NHS PROF 75219,,£220.20,£863.81
2015-11-20,Visa purchase,TESCO STORES 3343 HEMEL HEMPSTE GB 0000,£0.90,,£862.91
2015-11-20,Visa purchase,DELIMARCHE ST ALBANS GB 0000,£5.32,,£857.59
2015-11-20,Visa purchase,TESCO STORES 6446 HERTFORDSHIRE GB 0000,£11.56,,£846.03
2015-11-23,ATM Withdrawal LINK,Withdrawal 22 November 2015,£20.00,,£826.03
2015-11-23,Visa purchase,MCDONALDS HEMEL HEMPSTE GB 0000,£10.68,,£815.35
2015-11-23,Visa purchase,TESCO STORES 3343 HEMEL HEMPSTE GB 0000,£5.00,,£810.35
2015-11-23,Visa purchase,BILLS BERKHAMSTED BERKHAMSTED GB 0000,£26.62,,£783.73
2015-11-23,Visa purchase NETFLIX.COM,NETFLIX.COM 0800 096 6380 NL 0000,£5.99,,£777.74
2015-11-23,Visa purchase,MCDONALDS HEMEL HEMPSTE GB 0000,£12.97,,£764.77
2015-11-25,Visa purchase,DELIMARCHE ST ALBANS GB 0000,£2.80,,£761.97
2015-11-25,Visa purchase,TESCO STORES 3343 WARNERS END GB 0000,£12.14,,£749.83
2015-11-25,Visa purchase,ASDA STORES LTD HEMEL HEMPSTE GB 0000,£21.84,,£727.99
2015-11-26,ATM Withdrawal LINK,Withdrawal 25 November 2015,£20.00,,£707.99
2015-11-27,Bank credit NHS PROF 75219,Bank credit NHS PROF 75219,,£261.95,£969.94
2015-11-27,Visa purchase,ASDA STORES LTD HEMEL HEMPSTE GB 0000,£24.86,,£945.08
2015-11-27,Visa purchase,A&N MEDIA FINANCE SERV LEICESTER GB 0000,£54.90,,£890.18
2015-11-28,Visa purchase,NCP LIMITED P&D MILTON KEYNES GB 0000,£4.00,,£886.18
2015-11-28,Visa purchase,NCP LIMITED P&D MILTON KEYNES GB 0000,£9.00,,£877.18
2015-11-28,Visa purchase,CROWN BERKHAMSTED GB 0000,£14.30,,£862.88
2015-11-28,Visa purchase,Amazon UK Retail AMAZON.CO.UK LU 0000,£15.89,,£846.99
2015-11-28,Visa purchase,HOUSE OF FRASER MILTON KEYNES GB 0000,£25.05,,£821.94
2015-11-28,Visa purchase,HOUSE OF FRASER MILTON KEYNES GB 0000,£26.10,,£795.84
2015-11-28,Visa purchase,THE BODY SHOP MILTON KEYNES GB 0000,£34.05,,£761.79
2015-11-28,Visa purchase,YO! SUSHI MILTON KEYNES GB 0000,£34.20,,£727.59
2015-11-30,ATM Withdrawal LINK,Withdrawal 29 November 2015,£30.00,,£697.59
2015-11-30,Direct debit SPECSAVERS FINANCE,SPECSAVERS FINANCE,£13.00,,£684.59
2015-11-30,Visa purchase,FISHERY INN HEMEL HEMPSTE GB 0000,£52.65,,£631.94
2015-11-30,Visa purchase,EMPIRECINEMAS.CO.U 0844 8846740 GB 0000,£6.65,,£625.29
2015-11-30,Visa purchase,COSTA COFFEE BERKHAMSTED 2 GB 0000,£9.75,,£615.54
2015-11-30,Visa purchase,EMPIRECINEMAS.CO.U 0844 8846740 GB 0000,£17.30,,£598.24
2015-12-01,Direct debit VIRGIN MONEY,VIRGIN MONEY,£50.00,,£548.24
2015-12-01,Visa purchase,SAINSBURYS S/MKTS APSLEY MILLS GB 0000,£5.75,,£542.49
2015-12-01,Visa purchase,SHELL REDBOURN 006 ST ALBANS GB 0000,£10.01,,£532.48
2015-12-01,Visa purchase,M&S E COMMERCE ..... GB 0000,£66.49,,£465.99
2015-12-02,Visa Credit,M&S E COMMERCE ..... GB,,£66.49,£532.48
2015-12-02,Visa purchase,DELIMARCHE ST ALBANS GB 0000,£3.67,,£528.81
2015-12-02,Visa purchase,PIZZA EXPRESS BERKHAMSTED 1 GB 0000,£43.85,,£484.96
2015-12-03,ATM Withdrawal LINK,ATM Withdrawal LINK,£80.00,,£404.96
2015-12-03,Visa purchase,DELIMARCHE ST ALBANS GB 0000,£3.40,,£401.56
2015-12-03,Visa purchase,Amazon UK Marketplace 800-279-6620 LU 0000,£5.54,,£396.02
2015-12-03,Visa purchase,AMT COFFEE ST ALBANS 136 GB 0000,£5.80,,£390.22
2015-12-03,Visa purchase,ASDA STORES LTD HEMEL HEMPSTE GB 0000,£23.13,,£367.09
2015-12-04,Bank credit NHS PROF 75219,Bank credit NHS PROF 75219,,£254.34,£621.43
2015-12-05,Visa purchase,DELIMARCHE ST ALBANS GB 0000,£3.35,,£618.08
2015-12-05,Visa purchase,DELIMARCHE ST ALBANS GB 0000,£4.72,,£613.36
2015-12-07,Visa purchase,MCDONALDS HEMEL HEMPSTE GB 0000,£8.06,,£605.30
2015-12-09,Standing order,SQUIRE ESTATES,£500.00,,£105.30
2015-12-09,Visa purchase,DELIMARCHE ST ALBANS GB 0000,£5.62,,£99.68
2015-12-09,Visa purchase,"Amazon Svcs Europe,SAR AMAZON.CO.UK LU 0000",£6.99,,£92.69
2015-12-10,Visa purchase,DELIMARCHE ST ALBANS GB 0000,£3.67,,£89.02
2015-12-10,Visa purchase,TESCO STORES 3343 HEMEL HEMPSTE GB 0000,£9.05,,£79.97
2015-12-11,Bank credit NHS PROF 75219,Bank credit NHS PROF 75219,,£259.49,£339.46
2015-12-11,Visa purchase,DELIMARCHE ST ALBANS GB 0000,£4.45,,£335.01
2015-12-11,Visa purchase,ASDA STORES LTD HEMEL HEMPSTE GB 0000,£5.54,,£329.47
2015-12-11,Visa purchase SPOTIFY SPOTIFY PREMIU,SPOTIFY SPOTIFY PREMIU LONDON GB 0000,£9.99,,£319.48
2015-12-11,Visa purchase,FUNKYPIGEON.COM SWINDON GB 0000,£13.74,,£305.74
2015-12-12,ATM Withdrawal LINK,ATM Withdrawal LINK,£30.00,,£275.74
2015-12-12,Visa purchase,TESCO STORES 6446 HEMEL HEMPSTE GB 0000,£5.93,,£269.81
2015-12-12,ATM Withdrawal LINK,ATM Withdrawal LINK,£30.00,,£239.81
2015-12-14,Direct debit VIRGIN MEDIA PYMTS,VIRGIN MEDIA PYMTS,£38.99,,£200.82
2015-12-14,Visa purchase,TESCO STORES-2089 BERKHAMSTED GB 0000,£8.13,,£192.69
2015-12-14,Visa purchase,EMPIRE CINEMAS HEMEL HEMPSTE GB 0000,£6.80,,£185.89
2015-12-15,Visa purchase,DELIMARCHE ST ALBANS GB 0000,£3.69,,£182.20
2015-12-16,Visa purchase,PRIMARK HEMEL HEMPSTE GB 0000,£14.00,,£168.20
2015-12-17,Direct debit EE & T-MOBILE,EE & T-MOBILE,£29.24,,£138.96
2015-12-17,Transfer from,SUNDRIES Credit 15 December 2015,,£500.00,£638.96
2015-12-17,ATM Withdrawal SANTANDER,ATM Withdrawal SANTANDER,£50.00,,£588.96
2015-12-18,Bank credit NHS PROF 75219,Bank credit NHS PROF 75219,,£363.74,£952.70
2015-12-18,Visa purchase,DELIMARCHE ST ALBANS GB 0000,£1.65,,£951.05
2015-12-18,Visa purchase,DELIMARCHE ST ALBANS GB 0000,£3.67,,£947.38
2015-12-18,Visa purchase NOWTV.COM/BILLINGHELP,NOWTV.COM/BILLINGHELP SKY GB 0000,£6.99,,£940.39
2015-12-18,ATM Withdrawal LINK,ATM Withdrawal LINK,£40.00,,£900.39
2015-12-19,Cheque deposit,Cheque deposit,,£740.00,"£1,640.39"
2015-12-19,Visa purchase,Amazon UK Retail AMAZON.CO.UK LU 0000,£5.24,,"£1,635.15"
2015-12-21,ATM Withdrawal LINK,Withdrawal 20 December 2015,£30.00,,"£1,605.15"
2015-12-22,Visa purchase,DELIMARCHE ST ALBANS GB 0000,£5.26,,"£1,599.89"
2015-12-22,Visa purchase,Amazon UK Retail AMAZON.CO.UK LU 0000,£16.59,,"£1,583.30"
2015-12-22,Visa purchase,ARGOS LTD HEMEL HEMPSTE GB 0000,£25.05,,"£1,558.25"
2015-12-22,Visa purchase,ASDA STORES LTD HEMEL HEMPSTE GB 0000,£26.34,,"£1,531.91"
2015-12-23,Bank credit NHS PROF 75219,Bank credit NHS PROF 75219,,£331.64,"£1,863.55"
2015-12-23,Visa purchase NETFLIX.COM,NETFLIX.COM 0800 096 6380 NL 0000,£5.99,,"£1,857.56"
2015-12-23,Visa purchase,Amazon UK Marketplace 800-279-6620 LU 0000,£11.49,,"£1,846.07"
2015-12-23,Visa purchase,Amazon UK Retail AMAZON.CO.UK LU 0000,£17.97,,"£1,828.10"
2015-12-23,ATM Withdrawal NATIONWIDE,ATM Withdrawal NATIONWIDE,£100.00,,"£1,728.10"
2015-12-24,Visa purchase,DELIMARCHE ST ALBANS GB 0000,£5.95,,"£1,722.15"
2015-12-24,Visa purchase,Amazon UK Marketplace 800-279-6620 LU 0000,£9.99,,"£1,712.16"
2015-12-24,ATM Withdrawal LINK,ATM Withdrawal LINK,£50.00,,"£1,662.16"
2015-12-28,Visa purchase,Northerner.com MOLNDAL SE 63.140000 EUR at 1.35668 0000,£46.54,,"£1,615.62"
2015-12-28,Non-Sterling transaction fee,Non-Sterling transaction fee,£0.93,,"£1,614.69"
2015-12-28,Visa purchase,Amazon UK Retail AMAZON.CO.UK LU 0000,£379.00,,"£1,235.69"
2015-12-29,Direct debit SPECSAVERS FINANCE,SPECSAVERS FINANCE,£13.00,,"£1,222.69"
2015-12-29,Visa purchase,Amazon UK Retail AMAZON.CO.UK LU 0000,£18.49,,"£1,204.20"
2015-12-30,Visa purchase,MCDONALDS ST ALBANS GB 0000,£5.39,,"£1,198.81"
2015-12-30,Visa purchase,TESCO STORES 2663 HEMEL HEMPSTE GB 0000,£15.05,,"£1,183.76"
2015-12-31,Bank credit NHS PROF 75219,Bank credit NHS PROF 75219,,£261.72,"£1,445.48"
2015-12-31,Visa purchase,MCDONALDS ST ALBANS GB 0000,£11.55,,"£1,433.93"
2016-01-04,Direct debit VIRGIN MONEY,VIRGIN MONEY,£50.00,,"£1,383.93"
2016-01-04,ATM Withdrawal SANTANDER,ATM Withdrawal SANTANDER,£90.00,,"£1,293.93"
2016-01-04,Visa purchase,ARGOS LTD HEMEL HEMPSTE GB 0000,£4.99,,"£1,288.94"
2016-01-04,Visa purchase,ASDA STORES LTD HEMEL HEMPSTE GB 0000,£16.53,,"£1,272.41"
2016-01-04,Visa purchase,Amazon Digital Video amazon.co.uk/ LU 0000,£5.99,,"£1,266.42"
2016-01-04,Visa purchase,MCDONALDS HEMEL HEMPSTE GB 0000,£8.36,,"£1,258.06"
2016-01-05,Visa purchase,Amazon UK Retail AMAZON.CO.UK LU 0000,£4.99,,"£1,253.07"
2016-01-05,Visa purchase,ASDA STORES LTD HEMEL HEMPSTE GB 0000,£23.03,,"£1,230.04"
2016-01-06,Visa purchase,Amazon UK Retail AMAZON.CO.UK LU 0000,£6.99,,"£1,223.05"
2016-01-07,Visa purchase,Amazon UK Marketplace 800-279-6620 LU 0000,£9.95,,"£1,213.10"
2016-01-07,Visa purchase,Amazon UK Marketplace 800-279-6620 LU 0000,£11.48,,"£1,201.62"
2016-01-08,Bank credit NHS PROF 75219,Bank credit NHS PROF 75219,,£136.63,"£1,338.25"
2016-01-08,Visa purchase,ASDA STORES LTD HEMEL HEMPSTE GB 0000,£11.74,,"£1,326.51"
2016-01-09,Visa purchase MICROSOFT *XBOXLIVE,MICROSOFT *XBOXLIVE 0800 587 1102 IE 0000,£14.99,,"£1,311.52"
2016-01-09,Visa purchase,Amazon UK Marketplace 800-279-6620 LU 0000,£16.95,,"£1,294.57"
2016-01-11,Visa purchase,ASDA STORES LTD HEMEL HEMPSTE GB 0000,£17.19,,"£1,277.38"
2016-01-11,Visa purchase,EMPIRECINEMAS.CO.U 0844 8846740 GB 0000,£47.10,,"£1,230.28"
2016-01-11,Visa purchase SPOTIFY SPOTIFY PREMIU,SPOTIFY SPOTIFY PREMIU LONDON GB 0000,£9.99,,"£1,220.29"
2016-01-12,Visa Credit,EMPIRE CINEMAS HEMEL HEMPSTE GB,,£16.00,"£1,236.29"
2016-01-14,Direct debit VIRGIN MEDIA PYMTS,VIRGIN MEDIA PYMTS,£38.99,,"£1,197.30"
2016-01-14,Contactless Payment,DELIMARCHE ST ALBANS GB 0000,£2.80,,"£1,194.50"
2016-01-14,Visa purchase,ASDA STORES LTD HEMEL HEMPSTE GB 0000,£15.33,,"£1,179.17"
2016-01-15,Bank credit NHS PROF 75219,Bank credit NHS PROF 75219,,£221.13,"£1,400.30"
2016-01-15,Visa purchase,ASDA STORES LTD HEMEL HEMPSTE GB 0000,£1.99,,"£1,398.31"
2016-01-15,Contactless Payment,DELIMARCHE ST ALBANS GB 0000,£2.80,,"£1,395.51"
2016-01-16,Contactless Payment,DELIMARCHE ST ALBANS GB 0000,£3.85,,"£1,391.66"
2016-01-16,Contactless Payment,ALDI 775 88 HEMEL HEMPSTE GB 0000,£10.08,,"£1,381.58"
2016-01-18,Payment to,PAUL ROSE,£8.00,,"£1,373.58"
2016-01-18,Payment to,PAUL ROSE,£8.00,,"£1,365.58"
2016-01-18,Direct debit EE & T-MOBILE,EE & T-MOBILE,£28.38,,"£1,337.20"
2016-01-18,Visa purchase,EMPIRE CINEMAS HEMEL HEMPSTE GB 0000,£4.35,,"£1,332.85"
2016-01-18,Visa purchase,NANDOS HEMEL HEMPSTEAD HEMEL HEMPSTE GB 0000,£7.52,,"£1,325.33"
2016-01-18,Visa purchase,EMPIRE CINEMAS HEMEL HEMPSTE GB 0000,£6.80,,"£1,318.53"
2016-01-20,Contactless Payment,Centre Car Park Hemel Hempste GB 0000,£1.50,,"£1,317.03"
2016-01-20,Contactless Payment,DELIMARCHE ST ALBANS GB 0000,£2.80,,"£1,314.23"
2016-01-20,Visa purchase,T K MAXX HEMEL HEMSTEA GB 0000,£30.04,,"£1,284.19"
2016-01-21,Contactless Payment,DELIMARCHE ST ALBANS GB 0000,£3.65,,"£1,280.54"
2016-01-21,Visa purchase,ASDA STORES LTD HEMEL HEMPSTE GB 0000,£10.03,,"£1,270.51"
2016-01-22,Bank credit NHS PROF 75219,Bank credit NHS PROF 75219,,£300.13,"£1,570.64"
2016-01-22,Contactless Payment,DELIMARCHE ST ALBANS GB 0000,£2.80,,"£1,567.84"
2016-01-23,Contactless Payment,DELIMARCHE ST ALBANS GB 0000,£2.10,,"£1,565.74"
2016-01-23,Visa purchase NETFLIX.COM,NETFLIX.COM 0800 096 6380 NL 0000,£5.99,,"£1,559.75"
2016-01-23,Visa purchase,SHELL DACORUM HEMEL HEMPSTE GB 0000,£10.01,,"£1,549.74"
2016-01-25,Visa purchase,SAINSBURY'S S/MKT APSLEY MILLS GB 0000,£52.21,,"£1,497.53"
2016-01-28,Contactless Payment,DELIMARCHE ST ALBANS GB 0000,£2.80,,"£1,494.73"
2016-01-28,Visa purchase,ASDA STORES LTD HEMEL HEMPSTE GB 0000,£8.46,,"£1,486.27"
2016-01-29,Bank credit NHS PROF 75219,Bank credit NHS PROF 75219,,£263.28,"£1,749.55"
2016-01-29,Direct debit SPECSAVERS FINANCE,SPECSAVERS FINANCE,£13.00,,"£1,736.55"
2016-01-29,Contactless Payment,DELIMARCHE ST ALBANS GB 0000,£2.80,,"£1,733.75"
2016-01-29,Visa purchase,ASDA STORES LTD HEMEL HEMPSTE GB 0000,£10.81,,"£1,722.94"
2016-02-01,Direct debit VIRGIN MONEY,VIRGIN MONEY,£50.00,,"£1,672.94"
2016-02-02,Contactless Payment,DELIMARCHE ST ALBANS GB 0000,£2.80,,"£1,670.14"
2016-02-02,Visa purchase,ASDA STORES LTD HEMEL HEMPSTE GB 0000,£7.66,,"£1,662.48"
2016-02-03,ATM Withdrawal RBS,ATM Withdrawal RBS,£70.00,,"£1,592.48"
2016-02-03,Contactless Payment,DELIMARCHE ST ALBANS GB 0000,£1.50,,"£1,590.98"
2016-02-03,Contactless Payment,DELIMARCHE ST ALBANS GB 0000,£2.80,,"£1,588.18"
2016-02-04,Contactless Payment,DELIMARCHE ST ALBANS GB 0000,£2.80,,"£1,585.38"
2016-02-04,Visa purchase,Amazon UK Marketplace 800-279-6620 LU 0000,£4.24,,"£1,581.14"
2016-02-04,Visa purchase,Amazon UK Retail AMAZON.CO.UK LU 0000,£9.99,,"£1,571.15"
2016-02-04,Visa purchase,Amazon UK Retail AMAZON.CO.UK LU 0000,£14.99,,"£1,556.16"
2016-02-05,Bank credit NHS PROF 75219,Bank credit NHS PROF 75219,,£257.98,"£1,814.14"
2016-02-05,Contactless Payment,DELIMARCHE ST ALBANS GB 0000,£2.80,,"£1,811.34"
2016-02-05,Visa purchase,ASDA STORES LTD HEMEL HEMPSTE GB 0000,£12.65,,"£1,798.69"
2016-02-06,Contactless Payment,DELIMARCHE ST ALBANS GB 0000,£3.20,,"£1,795.49"
2016-02-06,Visa purchase,Amazon UK Marketplace 800-279-6620 LU 0000,£9.95,,"£1,785.54"
2016-02-06,Visa purchase,Amazon UK Retail AMAZON.CO.UK LU 0000,£28.43,,"£1,757.11"
2016-02-09,Contactless Payment,DELIMARCHE ST ALBANS GB 0000,£2.80,,"£1,754.31"
2016-02-09,Visa purchase,MARKS & SPENCER HEMEL HEMP GB 0000,£9.50,,"£1,744.81"
2016-02-09,Visa purchase,TESCO STORES 6446 HEMEL HEMPSTE GB 0000,£10.25,,"£1,734.56"
2016-02-10,Contactless Payment,DELIMARCHE ST ALBANS GB 0000,£2.70,,"£1,731.86"
2016-02-11,Contactless Payment,DELIMARCHE ST ALBANS GB 0000,£2.80,,"£1,729.06"
2016-02-12,Bank credit NHS PROF 75219,Bank credit NHS PROF 75219,,£300.17,"£2,029.23"
2016-02-12,Contactless Payment,DELIMARCHE ST ALBANS GB 0000,£2.49,,"£2,026.74"
2016-02-12,Contactless Payment,DELIMARCHE ST ALBANS GB 0000,£2.80,,"£2,023.94"
2016-02-12,Visa purchase,ASDA STORES LTD HEMEL HEMPSTE GB 0000,£12.14,,"£2,011.80"
2016-02-13,Contactless Payment,DELIMARCHE ST ALBANS GB 0000,£2.80,,"£2,009.00"
2016-02-15,Direct debit VIRGIN MEDIA PYMTS,VIRGIN MEDIA PYMTS,£38.99,,"£1,970.01"
2016-02-15,Visa purchase,Amazon UK Marketplace 800-279-6620 LU 0000,£5.20,,"£1,964.81"
2016-02-15,Visa purchase,Amazon UK Retail AMAZON.CO.UK LU 0000,£5.99,,"£1,958.82"
2016-02-15,Visa purchase,Amazon UK Marketplace 800-279-6620 LU 0000,£10.54,,"£1,948.28"
2016-02-15,Visa purchase,Amazon UK Marketplace 800-279-6620 LU 0000,£2.74,,"£1,945.54"
2016-02-15,Visa purchase,EMPIRE CINEMAS HEMEL HEMPSTE GB 0000,£7.30,,"£1,938.24"
2016-02-16,Contactless Payment,DELIMARCHE ST ALBANS GB 0000,£2.80,,"£1,935.44"
2016-02-16,Visa purchase,ALDI 775 88 HEMEL HEMPSTE GB 0000,£5.23,,"£1,930.21"
2016-02-16,Visa purchase,Amazon UK Retail AMAZON.CO.UK LU 0000,£117.51,,"£1,812.70"
2016-02-17,Direct debit EE & T-MOBILE,EE & T-MOBILE,£29.03,,"£1,783.67"
2016-02-17,Contactless Payment,DELIMARCHE ST ALBANS GB 0000,£2.80,,"£1,780.87"
2016-02-17,Visa purchase,618561587 1 1 618561587 1 1 CH 0000,£115.71,,"£1,665.16"
2016-02-18,Visa purchase,DACORUM INTERNET HEMEL HEMPSTE GB 0000,£367.19,,"£1,297.97"
2016-02-18,Contactless Payment,DELIMARCHE ST ALBANS GB 0000,£2.80,,"£1,295.17"
2016-02-19,Bank credit NHS PROF 75219,Bank credit NHS PROF 75219,,£217.96,"£1,513.13"
2016-02-19,Contactless Payment,DELIMARCHE ST ALBANS GB 0000,£2.80,,"£1,510.33"
2016-02-19,Contactless Payment,MARKS & SPENCER HEMEL HEMP GB 0000,£11.35,,"£1,498.98"
2016-02-19,Visa purchase,MARKS & SPENCER HEMEL HEMP GB 0000,£29.55,,"£1,469.43"
2016-02-20,ATM Withdrawal LINK,ATM Withdrawal LINK,£30.00,,"£1,439.43"
2016-02-20,Contactless Payment,DELIMARCHE ST ALBANS GB 0000,£2.80,,"£1,436.63"
2016-02-20,Visa purchase,GOOGLE *Glitch Games GOOGLE.COM/CH GB 0000,£3.15,,"£1,433.48"
2016-02-20,Contactless Payment,ALDI 775 88 HEMEL HEMPSTE GB 0000,£28.53,,"£1,404.95"
2016-02-22,Visa Credit,MARKS & SPENCER HEMEL HEMP GB,,£29.50,"£1,434.45"
2016-02-22,Visa purchase,M&S E COMMERCE ..... GB 0000,£15.60,,"£1,418.85"
2016-02-22,Contactless Payment,WAITROSE 223 BERKHAMSTED GB 0000,£22.04,,"£1,396.81"
2016-02-22,Visa purchase,M&S E COMMERCE ..... GB 0000,£22.50,,"£1,374.31"
2016-02-22,Visa purchase,GOOGLE *SnoreLab GOOGLE.COM/CH GB 0000,£3.00,,"£1,371.31"
2016-02-22,Visa purchase,GOOGLE *Glitch Games GOOGLE.COM/CH GB 0000,£4.79,,"£1,366.52"
2016-02-22,Visa purchase,ASDA STORES LTD HEMEL HEMPSTE GB 0000,£9.62,,"£1,356.90"
2016-02-23,Visa purchase NETFLIX.COM,NETFLIX.COM 0800 096 6380 NL 0000,£5.99,,"£1,350.91"
2016-02-23,Visa purchase,Amazon UK Retail AMAZON.CO.UK LU 0000,£16.98,,"£1,333.93"
2016-02-26,Bank credit NHS PROF 75219,Bank credit NHS PROF 75219,,£287.65,"£1,621.58"
2016-02-26,Visa purchase,BESTSNUS.COM STOCKHOLM SE 36.900000 EUR at 1.26111 0000,£29.26,,"£1,592.32"
2016-02-26,Non-Sterling transaction fee,Non-Sterling transaction fee,£0.59,,"£1,591.73"
2016-02-26,Visa purchase,ASDA STORES LTD HEMEL HEMPSTE GB 0000,£8.71,,"£1,583.02"
2016-02-27,Contactless Payment,DELIMARCHE ST ALBANS GB 0000,£3.85,,"£1,579.17"
2016-02-29,Direct debit SPECSAVERS FINANCE,SPECSAVERS FINANCE,£13.00,,"£1,566.17"
2016-02-29,Visa Credit,Amazon UK Retail AMAZON.CO.UK LU,,£169.95,"£1,736.12"
2016-02-29,Contactless Payment,TESCO STORES 3343 WARNERS END GB 0000,£13.20,,"£1,722.92"
2016-02-29,Visa purchase,Amazon UK Retail AMAZON.CO.UK LU 0000,£169.95,,"£1,552.97"
2016-02-29,Visa purchase,Amazon UK Marketplace 800-279-6620 LU 0000,£185.00,,"£1,367.97"
2016-03-01,Direct debit VIRGIN MONEY,VIRGIN MONEY,£50.00,,"£1,317.97"
2016-03-01,Visa purchase,DELIMARCHE ST ALBANS GB 0000,£2.80,,"£1,315.17"
2016-03-01,Visa purchase,Amazon UK Marketplace 800-279-6620 LU 0000,£5.29,,"£1,309.88"
2016-03-01,Visa purchase,ASDA STORES LTD HEMEL HEMPSTE GB 0000,£7.52,,"£1,302.36"
2016-03-01,Visa purchase,Amazon UK Retail AMAZON.CO.UK LU 0000,£18.95,,"£1,283.41"
2016-03-02,ATM Withdrawal RBS,ATM Withdrawal RBS,£5.00,,"£1,278.41"
2016-03-02,Contactless Payment,DELIMARCHE ST ALBANS GB 0000,£2.80,,"£1,275.61"
2016-03-02,Visa purchase,CLINTONS 194 HEMEL HEMPSTE GB 0000,£3.05,,"£1,272.56"
2016-03-02,Contactless Payment,CEX HEMEL HEMPSTEAD HEMEL HEMPSTE GB 0000,£25.00,,"£1,247.56"
2016-03-03,Contactless Payment,DELIMARCHE ST ALBANS GB 0000,£2.80,,"£1,244.76"
2016-03-03,Visa purchase,ASDA STORES LTD HEMEL HEMPSTE GB 0000,£16.83,,"£1,227.93"
2016-03-04,Bank credit NHS PROF 75219,Bank credit NHS PROF 75219,,£229.59,"£1,457.52"
2016-03-04,ATM Withdrawal RBS,ATM Withdrawal RBS,£10.00,,"£1,447.52"
2016-03-04,Contactless Payment,DELIMARCHE ST ALBANS GB 0000,£2.80,,"£1,444.72"
2016-03-05,Visa purchase,NEW AKASH BERKHAMSTED GB 0000,£30.00,,"£1,414.72"
2016-03-07,Visa purchase,FRANKIE & BENNYS WATFORD GB 0000,£40.00,,"£1,374.72"
2016-03-07,Visa purchase,Amazon UK Retail AMAZON.CO.UK LU 0000,£19.95,,"£1,354.77"
2016-03-08,Visa purchase,Amazon UK Retail AMAZON.CO.UK LU 0000,£4.89,,"£1,349.88"
2016-03-08,Visa purchase,Amazon UK Marketplace 800-279-6620 LU 0000,£6.74,,"£1,343.14"
2016-03-08,Visa purchase,Amazon UK Retail AMAZON.CO.UK LU 0000,£9.99,,"£1,333.15"
2016-03-08,Visa purchase,ASDA STORES LTD HEMEL HEMPSTE GB 0000,£12.51,,"£1,320.64"
2016-03-08,Visa purchase,Amazon Digital Video amazon.co.uk/ LU 0000,£19.99,,"£1,300.65"
2016-03-08,Visa purchase,Amazon UK Marketplace 800-279-6620 LU 0000,£24.99,,"£1,275.66"
2016-03-09,Contactless Payment,DELIMARCHE ST ALBANS GB 0000,£2.80,,"£1,272.86"
2016-03-09,Payment to,LAURA STIVEY,£5.00,,"£1,267.86"
2016-03-10,Contactless Payment,DELIMARCHE ST ALBANS GB 0000,£2.80,,"£1,265.06"
2016-03-10,Visa purchase,Amazon UK Marketplace 800-279-6620 LU 0000,£5.89,,"£1,259.17"
2016-03-10,Visa purchase,Amazon UK Marketplace 800-279-6620 LU 0000,£9.99,,"£1,249.18"
2016-03-10,Visa purchase,POST OFFICE COUNTER HEMEL HEMPSTE GB 0000,£41.76,,"£1,207.42"
2016-03-11,Bank credit NHS PROF 75219,Bank credit NHS PROF 75219,,£335.88,"£1,543.30"
2016-03-11,Contactless Payment,DELIMARCHE ST ALBANS GB 0000,£2.80,,"£1,540.50"
2016-03-11,Visa purchase,Amazon UK Retail AMAZON.CO.UK LU 0000,£5.08,,"£1,535.42"
2016-03-12,Visa purchase,SHELL REDBOURN 006 ST ALBANS GB 0000,£34.21,,"£1,501.21"
2016-03-14,ATM Withdrawal LINK,Withdrawal 13 March 2016,£10.00,,"£1,491.21"
2016-03-14,Direct debit VIRGIN MEDIA PYMTS,VIRGIN MEDIA PYMTS,£41.98,,"£1,449.23"
2016-03-14,Contactless Payment,RED SQUIRREL BREWING C BERKHAMSTED H GB 0000,£2.80,,"£1,446.43"
2016-03-14,Contactless Payment,KINGS ARMS HOTEL BERKHAMSTED GB 0000,£13.60,,"£1,432.83"
2016-03-14,Visa purchase,ARRIVA PASSENGER INTERNET GB 0000,£6.10,,"£1,426.73"
2016-03-15,Visa purchase,ASDA STORES LTD HEMEL HEMPSTE GB 0000,£11.99,,"£1,414.74"
2016-03-16,ATM Withdrawal RBS,ATM Withdrawal RBS,£10.00,,"£1,404.74"
2016-03-16,Contactless Payment,CEX HEMEL HEMPSTEAD HEMEL HEMPSTE GB 0000,£15.00,,"£1,389.74"
2016-03-17,Direct debit EE & T-MOBILE,EE & T-MOBILE,£47.31,,"£1,342.43"
2016-03-17,Visa purchase,ARRIVA PASSENGER INTERNET GB 0000,£5.49,,"£1,336.94"
2016-03-17,Visa purchase,ASDA STORES LTD HEMEL HEMPSTE GB 0000,£10.61,,"£1,326.33"
2016-03-18,Bank credit NHS PROF 75219,Bank credit NHS PROF 75219,,£40.80,"£1,367.13"
2016-03-18,Contactless Payment,DELIMARCHE ST ALBANS GB 0000,£2.80,,"£1,364.33"
2016-03-19,Contactless Payment,DELIMARCHE ST ALBANS GB 0000,£2.90,,"£1,361.43"
2016-03-19,Contactless Payment,ALDI 775 88 HEMEL HEMPSTE GB 0000,£22.67,,"£1,338.76"
2016-03-22,Contactless Payment,DELIMARCHE ST ALBANS GB 0000,£2.80,,"£1,335.96"
2016-03-22,Visa purchase,ASDA STORES LTD HEMEL HEMPSTE GB 0000,£7.79,,"£1,328.17"
2016-03-23,Contactless Payment,DELIMARCHE ST ALBANS GB 0000,£2.80,,"£1,325.37"
2016-03-23,Visa purchase NETFLIX.COM,NETFLIX.COM 0800 096 6380 NL 0000,£5.99,,"£1,319.38"
2016-03-24,Bank credit NHS PROF 75219,Bank credit NHS PROF 75219,,£441.57,"£1,760.95"
2016-03-24,Contactless Payment,DELIMARCHE ST ALBANS GB 0000,£2.80,,"£1,758.15"
2016-03-25,Contactless Payment,DELIMARCHE ST ALBANS GB 0000,£2.80,,"£1,755.35"
2016-03-25,Visa purchase,ARRIVA PASSENGER INTERNET GB 0000,£6.10,,"£1,749.25"
2016-03-25,Visa purchase,ASDA STORES LTD HEMEL HEMPSTE GB 0000,£11.00,,"£1,738.25"
2016-03-25,ATM Withdrawal LINK,ATM Withdrawal LINK,£30.00,,"£1,708.25"
2016-03-28,Visa purchase,BROWNS MILTON KEYNES GB 0000,£26.00,,"£1,682.25"
2016-03-29,Direct debit SPECSAVERS FINANCE,SPECSAVERS FINANCE,£13.00,,"£1,669.25"
2016-03-29,ATM Withdrawal LINK,ATM Withdrawal LINK,£100.00,,"£1,569.25"
2016-03-30,Visa purchase,PRIMARK HEMEL HEMPSTE GB 0000,£14.60,,"£1,554.65"
2016-03-31,Contactless Payment,ALDI 775 88 HEMEL HEMPSTE GB 0000,£5.28,,"£1,549.37"
2016-04-01,Bank credit NHS PROF 75219,Bank credit NHS PROF 75219,,£222.07,"£1,771.44"
2016-04-01,Direct debit VIRGIN MONEY,VIRGIN MONEY,£50.00,,"£1,721.44"
2016-04-01,Contactless Payment,DELIMARCHE ST ALBANS GB 0000,£2.89,,"£1,718.55"
2016-04-02,Contactless Payment,DELIMARCHE ST ALBANS GB 0000,£2.80,,"£1,715.75"
2016-04-02,Visa purchase,Amazon UK Marketplace 800-279-6620 LU 0000,£5.48,,"£1,710.27"
2016-04-02,ATM Withdrawal LINK,ATM Withdrawal LINK,£70.00,,"£1,640.27"
2016-04-04,Visa purchase,ASDA STORES LTD HEMEL HEMPSTE GB 0000,£5.53,,"£1,634.74"
2016-04-04,Visa purchase,ARRIVA PASSENGER INTERNET GB 0000,£5.49,,"£1,629.25"
2016-04-04,Visa purchase,TESCO STORES 2663 HEMEL HEMPSTE GB 0000,£10.60,,"£1,618.65"
2016-04-07,Visa purchase,Amazon UK Marketplace 800-279-6620 LU 0000,£6.23,,"£1,612.42"
2016-04-07,Visa purchase,ASDA STORES LTD HEMEL HEMPSTE GB 0000,£11.35,,"£1,601.07"
2016-04-08,Contactless Payment,DELIMARCHE ST ALBANS GB 0000,£3.75,,"£1,597.32"
2016-04-08,Visa purchase,ARRIVA PASSENGER INTERNET GB 0000,£5.49,,"£1,591.83"
2016-04-11,Contactless Payment,PP*BERKOCRICKETCLUB DUNSTABLE GB 0000,£18.70,,"£1,573.13"
2016-04-12,Visa purchase,ARRIVA PASSENGER INTERNET GB 0000,£5.49,,"£1,567.64"
2016-04-12,Contactless Payment,DELIMARCHE ST ALBANS GB 0000,£6.24,,"£1,561.40"
2016-04-12,Visa purchase,ASDA STORES LTD HEMEL HEMPSTE GB 0000,£15.34,,"£1,546.06"
2016-04-12,Visa purchase,Amazon UK Marketplace 800-279-6620 LU 0000,£19.99,,"£1,526.07"
2016-04-12,Visa purchase,Amazon UK Retail AMAZON.CO.UK LU 0000,£51.99,,"£1,474.08"
2016-04-13,Contactless Payment,DELIMARCHE ST ALBANS GB 0000,£4.34,,"£1,469.74"
2016-04-13,Visa purchase,Amazon UK Retail AMAZON.CO.UK LU 0000,£9.95,,"£1,459.79"
2016-04-13,Visa purchase,Amazon UK Retail AMAZON.CO.UK LU 0000,£14.81,,"£1,444.98"
2016-04-14,Direct debit VIRGIN MEDIA PYMTS,VIRGIN MEDIA PYMTS,£41.98,,"£1,403.00"
2016-04-14,Contactless Payment,ICELAND HEMEL HEMPSTE GB 0000,£4.00,,"£1,399.00"
2016-04-14,Visa purchase,Amazon UK Marketplace 800-279-6620 LU 0000,£10.00,,"£1,389.00"
2016-04-14,Visa purchase,Amazon UK Marketplace 800-279-6620 LU 0000,£16.99,,"£1,372.01"
2016-04-14,Visa purchase,Amazon UK Retail AMAZON.CO.UK LU 0000,£20.00,,"£1,352.01"
2016-04-14,Visa purchase,TESCO STORE 2825 LEIGHTON BUZZ GB 0000,£41.91,,"£1,310.10"
2016-04-15,Contactless Payment,DELIMARCHE ST ALBANS GB 0000,£3.39,,"£1,306.71"
2016-04-15,Visa purchase,ARRIVA PASSENGER INTERNET GB 0000,£5.49,,"£1,301.22"
2016-04-15,Visa purchase,ASDA STORES LTD HEMEL HEMPSTE GB 0000,£10.40,,"£1,290.82"
2016-04-15,Visa purchase,Amazon UK Marketplace 800-279-6620 LU 0000,£13.95,,"£1,276.87"
2016-04-16,Contactless Payment,DELIMARCHE ST ALBANS GB 0000,£0.79,,"£1,276.08"
2016-04-18,Direct debit EE & T-MOBILE,EE & T-MOBILE,£38.59,,"£1,237.49"
2016-04-18,Visa purchase,ASDA STORES LTD HEMEL HEMPSTE GB 0000,£6.89,,"£1,230.60"
2016-04-18,Visa purchase,PRIMARK HEMEL HEMPSTE GB 0000,£24.00,,"£1,206.60"
2016-04-19,Contactless Payment,DELIMARCHE ST ALBANS GB 0000,£2.89,,"£1,203.71"
2016-04-19,Visa purchase,ARRIVA PASSENGER INTERNET GB 0000,£5.49,,"£1,198.22"
2016-04-19,Visa purchase,ASDA STORES LTD HEMEL HEMPSTE GB 0000,£10.79,,"£1,187.43"
2016-04-20,Contactless Payment,DELIMARCHE ST ALBANS GB 0000,£1.70,,"£1,185.73"
2016-04-20,Contactless Payment,DELIMARCHE ST ALBANS GB 0000,£2.89,,"£1,182.84"
2016-04-22,Bank credit NHS PROF 75219,Bank credit NHS PROF 75219,,£710.34,"£1,893.18"
2016-04-22,Contactless Payment,DELIMARCHE ST ALBANS GB 0000,£3.75,,"£1,889.43"
2016-04-22,Visa purchase,ARRIVA PASSENGER INTERNET GB 0000,£5.49,,"£1,883.94"
2016-04-22,Visa purchase,ASDA STORES LTD HEMEL HEMPSTE GB 0000,£7.06,,"£1,876.88"
2016-04-22,Contactless Payment,DELIMARCHE ST ALBANS GB 0000,£2.89,,"£1,873.99"
2016-04-22,Visa purchase,ARRIVA PASSENGER INTERNET GB 0000,£5.49,,"£1,868.50"
2016-04-22,Visa purchase,ASDA STORES LTD HEMEL HEMPSTE GB 0000,£9.69,,"£1,858.81"
2016-04-23,Contactless Payment,DELIMARCHE ST ALBANS GB 0000,£3.75,,"£1,855.06"
2016-04-23,Visa purchase NETFLIX.COM,NETFLIX.COM 0800 096 6380 NL 0000,£5.99,,"£1,849.07"
2016-04-26,Contactless Payment,DELIMARCHE ST ALBANS GB 0000,£2.89,,"£1,846.18"
2016-04-26,Visa purchase,ARRIVA PASSENGER INTERNET GB 0000,£5.49,,"£1,840.69"
2016-04-26,Visa purchase,ASDA STORES LTD HEMEL HEMPSTE GB 0000,£19.96,,"£1,820.73"
2016-04-27,Contactless Payment,DELIMARCHE ST ALBANS GB 0000,£2.89,,"£1,817.84"
2016-04-28,Contactless Payment,DELIMARCHE ST ALBANS GB 0000,£2.89,,"£1,814.95"
2016-04-28,Visa purchase,ASDA STORES LTD HEMEL HEMPSTE GB 0000,£17.92,,"£1,797.03"
2016-04-29,Bank credit NHS PROF 75219,Bank credit NHS PROF 75219,,£216.18,"£2,013.21"
2016-04-29,Direct debit SPECSAVERS FINANCE,SPECSAVERS FINANCE,£13.00,,"£2,000.21"
2016-04-29,Contactless Payment,DELIMARCHE ST ALBANS GB 0000,£2.89,,"£1,997.32"
2016-04-29,Visa purchase,ARRIVA PASSENGER INTERNET GB 0000,£5.49,,"£1,991.83"
2016-04-29,Contactless Payment,ICELAND HEMEL HEMPSTE GB 0000,£19.05,,"£1,972.78"
2016-04-30,Contactless Payment,DELIMARCHE ST ALBANS GB 0000,£1.70,,"£1,971.08"
2016-04-30,Contactless Payment,DELIMARCHE ST ALBANS GB 0000,£2.89,,"£1,968.19"
2016-04-30,Contactless Payment,ALDI 775 88 HEMEL HEMPSTE GB 0000,£27.24,,"£1,940.95"
2016-05-02,Contactless Payment,TESCO STORES 3343 HEMEL HEMPSTE GB 0000,£5.90,,"£1,935.05"
2016-05-03,Direct debit VIRGIN MONEY,VIRGIN MONEY,£50.00,,"£1,885.05"
2016-05-03,Visa purchase,ITUNES.COM/BILL ITUNES.COM LU 0000,£25.99,,"£1,859.06"
2016-05-05,Visa purchase,ARRIVA PASSENGER INTERNET GB,£5.49,,"£1,853.57"
2016-05-05,Visa purchase,Amazon UK Retail AMAZON.CO.UK LU,£6.42,,"£1,847.15"
2016-05-05,Visa purchase,ASDA STORES LTD HEMEL HEMPSTE GB,£19.80,,"£1,827.35"
2016-05-06,Bank credit NHS PROF 75219,Bank credit NHS PROF 75219,,£259.02,"£2,086.37"
2016-05-06,Visa purchase,ARRIVA PASSENGER INTERNET GB,£5.49,,"£2,080.88"
2016-05-07,Contactless Payment,DELIMARCHE ST ALBANS GB,£3.75,,"£2,077.13"
2016-05-07,Contactless Payment,ALDI 775 88 HEMEL HEMPSTE GB,£18.03,,"£2,059.10"
2016-05-09,Visa purchase,TESCO STORES 2663 HEMEL HEMPSTE GB,£1.50,,"£2,057.60"
2016-05-09,Contactless Payment,TESCO STORES 3343 WARNERS END GB,£4.47,,"£2,053.13"
2016-05-09,Visa purchase,Amazon UK Retail AMAZON.CO.UK LU,£11.73,,"£2,041.40"
2016-05-09,Visa purchase,ITUNES.COM/BILL ITUNES.COM LU,£22.99,,"£2,018.41"
2016-05-10,Payment to,PAUL ROSE,£15.00,,"£2,003.41"
2016-05-10,Contactless Payment,DELIMARCHE ST ALBANS GB,£2.89,,"£2,000.52"
2016-05-10,Visa purchase,Amazon UK Retail AMAZON.CO.UK LU,£42.00,,"£1,958.52"
2016-05-11,Contactless Payment,DELIMARCHE ST ALBANS GB,£2.89,,"£1,955.63"
2016-05-11,Visa purchase,GOOGLE *UDEMY INC g.co/payhelp# GB,£15.64,,"£1,939.99"
2016-05-12,Contactless Payment,DELIMARCHE ST ALBANS GB,£2.89,,"£1,937.10"
2016-05-12,Visa purchase,ARRIVA PASSENGER INTERNET GB,£5.49,,"£1,931.61"
2016-05-12,Visa purchase,ASDA STORES LTD HEMEL HEMPSTE GB,£13.12,,"£1,918.49"
2016-05-13,Bank credit NHS PROF 75219,Bank credit NHS PROF 75219,,£217.90,"£2,136.39"
2016-05-13,Visa purchase,ASDA STORES LTD HEMEL HEMPSTE GB,£22.84,,"£2,113.55"
2016-05-14,ATM Withdrawal LINK,ATM Withdrawal LINK,£30.00,,"£2,083.55"
2016-05-16,ATM Withdrawal LINK,Withdrawal 14 May 2016,£20.00,,"£2,063.55"
2016-05-16,Direct debit VIRGIN MEDIA PYMTS,VIRGIN MEDIA PYMTS,£44.74,,"£2,018.81"
2016-05-16,Visa purchase,ESSO HALL PARK SS HERTFORDSHIRE GB,£10.00,,"£2,008.81"
2016-05-17,Direct debit EE & T-MOBILE,EE & T-MOBILE,£39.39,,"£1,969.42"
2016-05-17,Visa purchase,ASDA STORES LTD HEMEL HEMPSTE GB,£42.50,,"£1,926.92"
2016-05-18,Contactless Payment,DELIMARCHE ST ALBANS GB,£2.89,,"£1,924.03"
2016-05-19,Contactless Payment,DELIMARCHE ST ALBANS GB,£2.89,,"£1,921.14"
2016-05-19,Visa purchase,ARRIVA PASSENGER INTERNET GB,£6.10,,"£1,915.04"
2016-05-19,Visa purchase,ASDA STORES LTD HEMEL HEMPSTE GB,£6.32,,"£1,908.72"
2016-05-20,Bank credit NHS PROF 75219,Bank credit NHS PROF 75219,,£258.51,"£2,167.23"
2016-05-20,Contactless Payment,DELIMARCHE ST ALBANS GB,£2.89,,"£2,164.34"
2016-05-20,Visa purchase,ARRIVA PASSENGER INTERNET GB,£6.10,,"£2,158.24"
2016-05-20,Visa purchase,ASDA STORES LTD HEMEL HEMPSTE GB,£28.47,,"£2,129.77"
2016-05-21,Contactless Payment,DELIMARCHE ST ALBANS GB,£2.89,,"£2,126.88"
2016-05-21,Visa purchase,Amazon UK Marketplace 800-279-6620 LU,£20.99,,"£2,105.89"
2016-05-23,ATM Withdrawal LINK,Withdrawal 21 May 2016,£30.00,,"£2,075.89"
2016-05-23,Visa purchase,VERANDAH RESTAURANT BERKHAMSTED GB,£22.00,,"£2,053.89"
2016-05-23,Visa purchase NETFLIX.COM,NETFLIX.COM 0800 096 6380 NL,£7.49,,"£2,046.40"
2016-05-23,Visa purchase,TESCO STORES 3343 HEMEL HEMPSTE GB,£10.84,,"£2,035.56"
2016-05-23,Visa purchase,DATACAMP INC. 4158419347 US 25.000000 USD at 1.45518,£17.18,,"£2,018.38"
2016-05-24,Contactless Payment,DELIMARCHE ST ALBANS GB,£2.89,,"£2,015.49"
2016-05-25,Contactless Payment,DELIMARCHE ST ALBANS GB,£3.76,,"£2,011.73"
2016-05-25,Visa purchase,ARRIVA PASSENGER INTERNET GB,£6.10,,"£2,005.63"
2016-05-25,Visa purchase,ASDA STORES LTD HEMEL HEMPSTE GB,£6.90,,"£1,998.73"
2016-05-26,Contactless Payment,DELIMARCHE ST ALBANS GB,£3.76,,"£1,994.97"
2016-05-26,Visa purchase,ASDA STORES LTD HEMEL HEMPSTE GB,£14.25,,"£1,980.72"
2016-05-27,Bank credit NHS PROF 75219,Bank credit NHS PROF 75219,,£259.36,"£2,240.08"
2016-05-27,Visa purchase,ARRIVA PASSENGER INTERNET GB,£6.10,,"£2,233.98"
2016-05-28,Visa purchase,ALDI 775 88 HEMEL HEMPSTE GB,£36.55,,"£2,197.43"
2016-05-30,Visa purchase,TESCO STORES 2663 HEMEL HEMPSTE GB,£16.48,,"£2,180.95"
2016-05-31,Direct debit SPECSAVERS FINANCE,SPECSAVERS FINANCE,£13.00,,"£2,167.95"
2016-06-01,Direct debit VIRGIN MONEY,VIRGIN MONEY,£50.00,,"£2,117.95"
2016-06-01,Contactless Payment,ALDI 775 88 HEMEL HEMPSTE GB,£14.30,,"£2,103.65"
2016-06-02,Contactless Payment,DELIMARCHE ST ALBANS GB,£2.89,,"£2,100.76"
2016-06-02,Visa purchase,ARRIVA PASSENGER INTERNET GB,£6.10,,"£2,094.66"
2016-06-02,Visa purchase,ASDA STORES LTD HEMEL HEMPSTE GB,£14.34,,"£2,080.32"
2016-06-03,Bank credit NHS PROF 75219,Bank credit NHS PROF 75219,,£261.60,"£2,341.92"
2016-06-03,Visa purchase,ARRIVA PASSENGER INTERNET GB,£6.10,,"£2,335.82"
2016-06-03,Visa purchase,ASDA STORES LTD HEMEL HEMPSTE GB,£8.25,,"£2,327.57"
2016-06-06,Visa purchase,TESCO PAYAT PUMP 3719 H HEMPSTEAD GB,£10.13,,"£2,317.44"
2016-06-06,Visa purchase,TESCO STORES 2663 HEMEL HEMPSTE GB,£41.04,,"£2,276.40"
2016-06-06,Contactless Payment,TESCO STORES 3343 HEMEL HEMPSTE GB,£6.50,,"£2,269.90"
2016-06-08,Visa purchase,ASDA STORES LTD HEMEL HEMPSTE GB,£13.33,,"£2,256.57"
2016-06-10,Bank credit NHS PROF 75219,Bank credit NHS PROF 75219,,£211.92,"£2,468.49"
2016-06-11,Contactless Payment,DELIMARCHE ST ALBANS GB,£2.79,,"£2,465.70"
2016-06-11,Visa purchase,Amazon UK Marketplace 800-279-6620 LU,£5.45,,"£2,460.25"
2016-06-13,Contactless Payment,TESCO STORES 3343 HEMEL HEMPSTE GB,£8.89,,"£2,451.36"
2016-06-13,Contactless Payment,TESCO STORES 3343 HEMEL HEMPSTE GB,£15.33,,"£2,436.03"
2016-06-17,Bank credit NHS PROF 75219,Bank credit NHS PROF 75219,,£261.11,"£2,697.14"
2016-06-17,Direct debit EE & T-MOBILE,EE & T-MOBILE,£36.19,,"£2,660.95"
2016-06-17,Visa purchase,ASDA STORES LTD HEMEL HEMPSTE GB,£16.25,,"£2,644.70"
2016-06-20,Visa purchase,TESCO STORES 2663 HEMEL HEMPSTE GB,£25.38,,"£2,619.32"
2016-06-20,Visa purchase,ASH NEWSAGENTS 01442255575 GB,£4.25,,"£2,615.07"
2016-06-20,Contactless Payment,TESCO STORES 3343 WARNERS END GB,£8.66,,"£2,606.41"
2016-06-21,Contactless Payment,DELIMARCHE ST ALBANS GB,£2.89,,"£2,603.52"
2016-06-22,Visa purchase NETFLIX.COM,NETFLIX.COM 866-716-0414 NL,£7.49,,"£2,596.03"
2016-06-23,Contactless Payment,DELIMARCHE ST ALBANS GB,£2.89,,"£2,593.14"
2016-06-23,Contactless Payment,ALDI 775 88 HEMEL HEMPSTE GB,£17.92,,"£2,575.22"
2016-06-24,Bank credit NHS PROF 75219,Bank credit NHS PROF 75219,,£257.73,"£2,832.95"
2016-06-24,Visa purchase,BESTSNUS.COM STOCKHOLM SE 38.390000 EUR at 1.29565,£29.63,,"£2,803.32"
2016-06-24,Non-Sterling transaction fee,Non-Sterling transaction fee,£0.59,,"£2,802.73"
2016-06-24,Contactless Payment,DELIMARCHE ST ALBANS GB,£3.15,,"£2,799.58"
2016-06-25,ATM Withdrawal LINK Inc charge from ATM Owner 1.650000,ATM Withdrawal LINK Inc charge from ATM Owner 1.650000,£51.65,,"£2,747.93"
2016-06-25,Contactless Payment,DELIMARCHE ST ALBANS GB,£2.00,,"£2,745.93"
2016-06-27,Visa purchase,TESCO STORES 2663 HEMEL HEMPSTE GB,£33.19,,"£2,712.74"
2016-06-29,Direct debit SPECSAVERS FINANCE,SPECSAVERS FINANCE,£13.00,,"£2,699.74"
2016-06-29,Contactless Payment,MCDONALDS HEMEL HEMPSTE GB,£9.96,,"£2,689.78"
2016-06-29,Visa purchase,TESCO STORES 2663 HEMEL HEMPSTE GB,£22.84,,"£2,666.94"
2016-07-01,Bank credit NHS PROF 75219,Bank credit NHS PROF 75219,,£264.76,"£2,931.70"
2016-07-01,Direct debit VIRGIN MONEY,VIRGIN MONEY,£50.00,,"£2,881.70"
2016-07-01,Contactless Payment,TESCO STORES 3343 HEMEL HEMPSTE GB,£9.24,,"£2,872.46"
2016-07-01,Visa purchase,TESCO STORES 2663 HEMEL HEMPSTE GB,£21.95,,"£2,850.51"
2016-07-01,Visa purchase,EMPIRECINEMAS.CO.U 0844 8846740 GB,£25.90,,"£2,824.61"
2016-07-02,Contactless Payment,TESCO STORES 3343 WARNERS END GB,£18.32,,"£2,806.29"
2016-07-04,Contactless Payment,TESCO STORES-2089 BERKHAMSTED GB,£6.90,,"£2,799.39"
2016-07-04,Visa purchase,TESCO STORES 2663 HEMEL HEMPSTE GB,£15.72,,"£2,783.67"
2016-07-04,Visa purchase,TESCO PFS 3719 H HEMPSTEAD GB,£40.27,,"£2,743.40"
2016-07-05,Visa purchase,Amazon UK Retail AMAZON.CO.UK LU,£4.49,,"£2,738.91"
2016-07-06,Contactless Payment,TESCO STORES 3343 WARNERS END GB,£18.35,,"£2,720.56"
2016-07-07,Visa purchase,Amazon UK Marketplace 800-279-6620 LU,£6.90,,"£2,713.66"
2016-07-07,Visa purchase,Amazon UK Marketplace 800-279-6620 LU,£7.29,,"£2,706.37"
2016-07-07,Visa purchase,Amazon UK Marketplace 800-279-6620 LU,£49.34,,"£2,657.03"
2016-07-08,Bank credit NHS PROF 75219,Bank credit NHS PROF 75219,,£186.62,"£2,843.65"
2016-07-08,Visa purchase,VILLAGE STORE BERKHAMSTED GB,£9.29,,"£2,834.36"
2016-07-09,Contactless Payment,TESCO STORES 3343 HEMEL HEMPSTE GB,£12.85,,"£2,821.51"
2016-07-11,ATM Withdrawal LINK,ATM Withdrawal LINK,£130.00,,"£2,691.51"
2016-07-11,Visa purchase,TESCO STORES 2663 HEMEL HEMPSTE GB,£14.74,,"£2,676.77"
2016-07-12,Visa purchase,ASDA STORES LTD HEMEL HEMPSTE GB,£15.95,,"£2,660.82"
2016-07-14,Visa purchase,Amazon UK Marketplace 800-279-6620 LU,£1.94,,"£2,658.88"
2016-07-15,Bank credit NHS PROF 75219,Bank credit NHS PROF 75219,,£414.90,"£3,073.78"
2016-07-15,Visa purchase,ASDA STORES LTD HEMEL HEMPSTE GB,£11.05,,"£3,062.73"
2016-07-16,Contactless Payment,DELIMARCHE ST ALBANS GB,£2.80,,"£3,059.93"
2016-07-16,Visa purchase,Amazon UK Marketplace 800-279-6620 LU,£189.99,,"£2,869.94"
2016-07-16,ATM Withdrawal LINK,ATM Withdrawal LINK,£30.00,,"£2,839.94"
2016-07-18,Direct debit EE & T-MOBILE,EE & T-MOBILE,£38.59,,"£2,801.35"
2016-07-18,Contactless Payment,TESCO STORE 2089 BERKHAMSTED GB,£14.93,,"£2,786.42"
2016-07-18,Visa purchase,PIZZA EXPRESS BERKHAMSTED 1 GB,£23.66,,"£2,762.76"
2016-07-18,Visa purchase,Amazon UK Marketplace 800-279-6620 LU,£3.08,,"£2,759.68"
2016-07-18,Contactless Payment,TESCO STORES 3343 HEMEL HEMPSTE GB,£6.75,,"£2,752.93"
2016-07-19,Visa purchase,Amazon UK Marketplace 800-279-6620 LU,£5.99,,"£2,746.94"
2016-07-19,Visa purchase,Amazon UK Marketplace 800-279-6620 LU,£7.99,,"£2,738.95"
2016-07-19,Visa purchase,Amazon UK Marketplace 800-279-6620 LU,£242.99,,"£2,495.96"
2016-07-21,Visa purchase,ASDA STORES LTD HEMEL HEMPSTE GB,£32.78,,"£2,463.18"
2016-07-22,Bank credit NHS PROF 75219,Bank credit NHS PROF 75219,,£185.43,"£2,648.61"
2016-07-22,Contactless Payment,DELIMARCHE ST ALBANS GB,£2.65,,"£2,645.96"
2016-07-23,Contactless Payment,DELIMARCHE ST ALBANS GB,£2.90,,"£2,643.06"
2016-07-23,Visa purchase NETFLIX.COM,NETFLIX.COM 866-716-0414 NL,£7.49,,"£2,635.57"
2016-07-25,Contactless Payment,TESCO STORES 3343 HEMEL HEMPSTE GB,£15.49,,"£2,620.08"
2016-07-26,Contactless Payment,DELIMARCHE ST ALBANS GB,£1.70,,"£2,618.38"
2016-07-26,Contactless Payment,DELIMARCHE ST ALBANS GB,£2.80,,"£2,615.58"
2016-07-26,Contactless Payment,SHELL REDBOURN 006 ST ALBANS GB,£20.01,,"£2,595.57"
2016-07-27,Contactless Payment,DELIMARCHE ST ALBANS GB,£2.00,,"£2,593.57"
2016-07-27,Contactless Payment,ALDI 775 88 HEMEL HEMPSTE GB,£9.71,,"£2,583.86"
2016-07-28,Contactless Payment,DELIMARCHE ST ALBANS GB,£2.80,,"£2,581.06"
2016-07-29,Bank credit NHS PROF 75219,Bank credit NHS PROF 75219,,£345.26,"£2,926.32"
2016-07-29,Direct debit SPECSAVERS FINANCE,SPECSAVERS FINANCE,£13.00,,"£2,913.32"
2016-07-29,Contactless Payment,DELIMARCHE ST ALBANS GB,£2.65,,"£2,910.67"
2016-07-29,Visa purchase,Amazon UK Marketplace 800-279-6620 LU,£6.50,,"£2,904.17"
2016-07-29,Visa purchase,FUNKYPIGEON.COM SWINDON GB,£6.98,,"£2,897.19"
2016-07-29,Visa purchase,Amazon UK Marketplace 800-279-6620 LU,£24.94,,"£2,872.25"
2016-07-29,Visa purchase,CO-OP GROUP 180253 Long Chaulden GB,£31.96,,"£2,840.29"
2016-07-30,Contactless Payment,DELIMARCHE ST ALBANS GB,£2.00,,"£2,838.29"
2016-08-01,Direct debit VIRGIN MONEY,VIRGIN MONEY,£50.00,,"£2,788.29"
2016-08-01,Visa purchase,WAITROSE 223 BERKHAMSTED GB,£10.42,,"£2,777.87"
2016-08-01,Visa purchase,Amazon UK Marketplace 800-279-6620 LU,£14.22,,"£2,763.65"
2016-08-02,Bank credit A Ginger,Credit 01 August 2016,,£35.00,"£2,798.65"
2016-08-02,Visa purchase,Amazon UK Marketplace 800-279-6620 LU,£17.98,,"£2,780.67"
2016-08-03,Contactless Payment,DELIMARCHE ST ALBANS GB,£2.80,,"£2,777.87"
2016-08-03,Visa purchase,Amazon UK Marketplace 800-279-6620 LU,£16.99,,"£2,760.88"
2016-08-04,ATM Withdrawal LINK,ATM Withdrawal LINK,£10.00,,"£2,750.88"
2016-08-05,Bank credit NHS PROF 75219,Bank credit NHS PROF 75219,,£347.04,"£3,097.92"
2016-08-05,Visa Credit,Amazon UK Marketplace 800-279-6620 LU,,£189.99,"£3,287.91"
2016-08-05,Contactless Payment,BOOTS 0739 HEMEL HEMPSTE GB,£9.85,,"£3,278.06"
2016-08-05,Contactless Payment,TESCO STORES 6446 HEMEL HEMPSTE GB,£13.29,,"£3,264.77"
2016-08-05,Visa purchase,NEXT 0415 HEMEL HEMP H H/STEAD GB,£15.05,,"£3,249.72"
2016-08-06,Visa purchase,T K MAXX HEMEL HEMSTEA GB,£16.99,,"£3,232.73"
2016-08-06,Contactless Payment,DELIMARCHE ST ALBANS GB,£2.00,,"£3,230.73"
2016-08-08,ATM Withdrawal LINK,Withdrawal 07 August 2016,£60.00,,"£3,170.73"
2016-08-08,Contactless Payment,WM MORRISON PLC BRIGHTON GB,£16.85,,"£3,153.88"
2016-08-08,Contactless Payment,TESCO STORES 3343 HEMEL HEMPSTE GB,£11.73,,"£3,142.15"
2016-08-08,Visa purchase,CORNER CAFE BRIGHTON BN2 GB,£14.00,,"£3,128.15"
2016-08-09,Payment to,PAUL ROSE,£19.50,,"£3,108.65"
2016-08-09,Visa purchase,ASDA STORES LTD HEMEL HEMPSTE GB,£7.06,,"£3,101.59"
2016-08-10,Contactless Payment,DELIMARCHE ST ALBANS GB,£3.59,,"£3,098.00"
2016-08-10,Contactless Payment,ALDI 775 88 HEMEL HEMPSTE GB,£9.31,,"£3,088.69"
2016-08-11,ATM Withdrawal LINK,ATM Withdrawal LINK,£10.00,,"£3,078.69"
2016-08-11,Visa purchase,ASDA STORES LTD HEMEL HEMPSTE GB,£11.66,,"£3,067.03"
2016-08-12,Bank credit NHS PROF 75219,Bank credit NHS PROF 75219,,£307.62,"£3,374.65"
2016-08-12,Visa purchase,ASDA STORES LTD HEMEL HEMPSTE GB,£14.06,,"£3,360.59"
2016-08-15,Contactless Payment,THE PLOUGH BERKHAMSTED GB,£7.90,,"£3,352.69"
2016-08-15,Visa purchase GOOGLE *Tinder,GOOGLE *Tinder g.co/payhelp# GB,£3.10,,"£3,349.59"
2016-08-15,Contactless Payment,TESCO STORES 3343 HEMEL HEMPSTE GB,£14.07,,"£3,335.52"
2016-08-15,Visa purchase,SHELL DACORUM HEMEL HEMPSTE GB,£30.00,,"£3,305.52"
2016-08-16,Visa purchase,Amazon UK Marketplace 800-279-6620 LU,£7.95,,"£3,297.57"
2016-08-16,Visa purchase,Amazon UK Retail AMAZON.CO.UK LU,£34.99,,"£3,262.58"
2016-08-17,Direct debit EE & T-MOBILE,EE & T-MOBILE,£39.79,,"£3,222.79"
2016-08-17,ATM Withdrawal LINK,ATM Withdrawal LINK,£10.00,,"£3,212.79"
2016-08-17,Visa purchase,AMAZON UK RETAIL AMAZON.C AMAZON.CO.UK LU,£8.97,,"£3,203.82"
2016-08-17,Contactless Payment,DELIMARCHE ST ALBANS GB,£2.80,,"£3,201.02"
2016-08-17,Visa purchase,Amazon UK Retail AMAZON.CO.UK LU,£4.99,,"£3,196.03"
2016-08-17,Visa purchase,Amazon UK Retail AMAZON.CO.UK LU,£5.99,,"£3,190.04"
2016-08-17,Visa purchase,MARKS&SPENCER PLC INTERNET GB,£8.00,,"£3,182.04"
2016-08-17,Visa purchase,ASDA STORES LTD HEMEL HEMPSTE GB,£18.47,,"£3,163.57"
2016-08-17,Visa purchase,T K MAXX HEMEL HEMSTEA GB,£42.03,,"£3,121.54"
2016-08-17,ATM Withdrawal LINK,ATM Withdrawal LINK,£10.00,,"£3,111.54"
2016-08-18,Contactless Payment,DELIMARCHE ST ALBANS GB,£2.80,,"£3,108.74"
2016-08-19,Bank credit NHS PROF 75219,Bank credit NHS PROF 75219,,£262.99,"£3,371.73"
2016-08-19,Visa purchase,ASDA STORES LTD HEMEL HEMPSTE GB,£20.71,,"£3,351.02"
2016-08-20,Contactless Payment,DELIMARCHE ST ALBANS GB,£0.85,,"£3,350.17"
2016-08-22,ATM Withdrawal LINK,Withdrawal 20 August 2016,£30.00,,"£3,320.17"
2016-08-22,Visa purchase,CINEWORLD CINEMAS HEMEL HEMPSTE GB,£5.95,,"£3,314.22"
2016-08-22,Contactless Payment,THE PLOUGH BERKHAMSTED GB,£7.90,,"£3,306.32"
2016-08-22,Contactless Payment,THE GOAT BERKHAMSTED GB,£10.00,,"£3,296.32"
2016-08-22,Visa purchase NETFLIX.COM,NETFLIX.COM 866-716-0414 NL,£7.49,,"£3,288.83"
2016-08-23,Contactless Payment,TESCO-STORES-6207 ST ALBANS GB,£7.61,,"£3,281.22"
2016-08-24,Contactless Payment,ICELAND HEMEL HEMPSTE GB,£14.50,,"£3,266.72"
2016-08-25,ATM Withdrawal NAT WEST,ATM Withdrawal NAT WEST,£30.00,,"£3,236.72"
2016-08-25,Contactless Payment,MARKS&SPENCER PLC SACA ST ALBANS GB,£2.80,,"£3,233.92"
2016-08-26,Bank credit NHS PROF 75219,Bank credit NHS PROF 75219,,£257.94,"£3,491.86"
2016-08-26,Visa purchase,MARKS&SPENCER PLC SACA ST ALBANS GB,£2.80,,"£3,489.06"
2016-08-26,Visa purchase,WATERSTONES ST ALBANS GB,£31.05,,"£3,458.01"
2016-08-27,Contactless Payment,ICELAND HEMEL HEMPSTE GB,£13.00,,"£3,445.01"
2016-08-27,Visa purchase,ASDA STORES LTD HEMEL HEMPSTE GB,£15.31,,"£3,429.70"
2016-08-30,Direct debit SPECSAVERS FINANCE,SPECSAVERS FINANCE,£13.00,,"£3,416.70"
2016-08-30,ATM Withdrawal HSBC,ATM Withdrawal HSBC,£30.00,,"£3,386.70"
2016-08-31,Visa purchase,PLAYSTATIONNETWORK INTERNET GB,£1.69,,"£3,385.01"
2016-08-31,Visa purchase,PLAYSTATIONNETWORK INTERNET GB,£15.99,,"£3,369.02"
2016-08-31,Visa purchase,ASDA STORES LTD HEMEL HEMPSTE GB,£16.06,,"£3,352.96"
2016-09-01,Direct debit VIRGIN MONEY,VIRGIN MONEY,£50.00,,"£3,302.96"
2016-09-01,Contactless Payment,TESCO-STORES 6207 ST ALBANS GB,£5.08,,"£3,297.88"
2016-09-02,Bank credit NHS PROF 75219,Bank credit NHS PROF 75219,,£228.29,"£3,526.17"
2016-09-02,Visa purchase,ASDA STORES LTD HEMEL HEMPSTE GB,£21.48,,"£3,504.69"
2016-09-03,Visa purchase,REDBUBBLECOM 8778877815 GB,£21.11,,"£3,483.58"
2016-09-03,Visa purchase,VILLAGE STORE BERKHAMSTED GB,£6.85,,"£3,476.73"
2016-09-03,Contactless Payment,TESCO STORES 3343 WARNERS END GB,£12.90,,"£3,463.83"
2016-09-05,Visa purchase,VILLAGE STORE BERKHAMSTED GB,£10.49,,"£3,453.34"
2016-09-05,Visa purchase,TESCO STORES 2663 HEMEL HEMPSTE GB,£33.10,,"£3,420.24"
2016-09-05,Contactless Payment,TESCO STORES 3343 HEMEL HEMPSTE GB,£8.10,,"£3,412.14"
2016-09-06,Contactless Payment,DELIMARCHE ST ALBANS GB,£2.80,,"£3,409.34"
2016-09-07,ATM Withdrawal LINK,ATM Withdrawal LINK,£10.00,,"£3,399.34"
2016-09-07,Contactless Payment,DELIMARCHE ST ALBANS GB,£1.49,,"£3,397.85"
2016-09-07,Contactless Payment,DELIMARCHE ST ALBANS GB,£2.65,,"£3,395.20"
2016-09-08,Visa purchase,ASDA STORES LTD HEMEL HEMPSTE GB,£38.29,,"£3,356.91"
2016-09-09,Bank credit NHS PROF 75219,Bank credit NHS PROF 75219,,£42.40,"£3,399.31"
2016-09-09,Visa purchase,ASDA STORES LTD HEMEL HEMPSTE GB,£9.99,,"£3,389.32"
2016-09-10,ATM Withdrawal LINK,ATM Withdrawal LINK,£50.00,,"£3,339.32"
2016-09-12,Visa purchase,WAITROSE 223 BERKHAMSTED GB,£32.53,,"£3,306.79"
2016-09-12,Visa purchase,VILLAGE STORE BERKHAMSTED GB,£5.87,,"£3,300.92"
2016-09-12,Visa purchase AMAZON UK PRIME AMZN.CO.U,AMAZON UK PRIME AMZN.CO.U AMZN.CO.UK/PM LU,£79.00,,"£3,221.92"
2016-09-13,Visa purchase,Amazon UK Marketplace 800-279-6620 LU,£5.29,,"£3,216.63"
2016-09-13,Visa purchase,PLAYSTATIONNETWORK INTERNET GB,£39.99,,"£3,176.64"
2016-09-14,Contactless Payment,DELIMARCHE ST ALBANS GB,£1.49,,"£3,175.15"
2016-09-14,Contactless Payment,DELIMARCHE ST ALBANS GB,£3.75,,"£3,171.40"
2016-09-14,Visa purchase,Amazon UK Retail AMAZON.CO.UK LU,£64.99,,"£3,106.41"
2016-09-15,Contactless Payment,ICELAND HEMEL HEMPSTE GB,£2.00,,"£3,104.41"
2016-09-15,Contactless Payment,DELIMARCHE ST ALBANS GB,£2.65,,"£3,101.76"
2016-09-15,Visa purchase,AMAZON UK RETAIL AMAZON.C AMAZON.CO.UK LU,£3.99,,"£3,097.77"
2016-09-15,Visa purchase,Amazon UK Marketplace 800-279-6620 LU,£7.97,,"£3,089.80"
2016-09-15,Visa purchase,ASDA STORES LTD HEMEL HEMPSTE GB,£12.40,,"£3,077.40"
2016-09-15,Visa purchase,PLAYSTATIONNETWORK INTERNET GB,£15.99,,"£3,061.41"
2016-09-16,Bank credit NHS PROF 75219,Bank credit NHS PROF 75219,,£42.40,"£3,103.81"
2016-09-17,Visa purchase,MARTINS POND BERKHAMPSTEAD GB,£5.00,,"£3,098.81"
2016-09-17,Visa purchase,MARTINS POND BERKHAMPSTEAD GB,£23.00,,"£3,075.81"
2016-09-19,ATM Withdrawal LINK,Withdrawal 17 September 2016,£40.00,,"£3,035.81"
2016-09-19,Direct debit EE & T-MOBILE,EE & T-MOBILE,£38.59,,"£2,997.22"
2016-09-19,Contactless Payment,TESCO STORES 3343 HEMEL HEMPSTE GB,£4.08,,"£2,993.14"
2016-09-19,Contactless Payment,TESCO STORES 3343 HEMEL HEMPSTE GB,£7.65,,"£2,985.49"
2016-09-20,Visa purchase,ASDA STORES LTD HEMEL HEMPSTE GB,£20.53,,"£2,964.96"
2016-09-20,Visa purchase,MARKS&SPENCER PLC INTERNET GB,£84.00,,"£2,880.96"
2016-09-22,ATM Withdrawal LINK,ATM Withdrawal LINK,£10.00,,"£2,870.96"
2016-09-22,Visa purchase NETFLIX.COM,NETFLIX.COM 866-716-0414 NL,£7.49,,"£2,863.47"
2016-09-22,Visa purchase,ASDA STORES LTD HEMEL HEMPSTE GB,£15.07,,"£2,848.40"
2016-09-23,Bank credit NHS PROF 75219,Bank credit NHS PROF 75219,,£295.62,"£3,144.02"
2016-09-23,Contactless Payment,ICELAND HEMEL HEMPSTE GB,£5.50,,"£3,138.52"
2016-09-23,Visa purchase,Amazon UK Retail AMAZON.CO.UK LU,£8.49,,"£3,130.03"
2016-09-23,Visa purchase,ASDA STORES LTD HEMEL HEMPSTE GB,£8.79,,"£3,121.24"
2016-09-24,Visa purchase,TESCO STORES 2663 HEMEL HEMPSTE GB,£39.22,,"£3,082.02"
2016-09-26,Visa purchase,VILLAGE STORE BERKHAMSTED GB,£8.59,,"£3,073.43"
2016-09-27,Contactless Payment,DELIMARCHE ST ALBANS GB,£2.80,,"£3,070.63"
2016-09-27,Contactless Payment,TESCO STORES 2663 HEMEL HEMPSTE GB,£17.89,,"£3,052.74"
2016-09-28,ATM Withdrawal LINK,ATM Withdrawal LINK,£10.00,,"£3,042.74"
2016-09-28,Contactless Payment,DELIMARCHE ST ALBANS GB,£2.65,,"£3,040.09"
2016-09-28,Contactless Payment,TESCO STORES 2663 HEMEL HEMPSTE GB,£10.68,,"£3,029.41"
2016-09-29,Direct debit SPECSAVERS FINANCE,SPECSAVERS FINANCE,£13.00,,"£3,016.41"
2016-09-29,ATM Withdrawal LINK,ATM Withdrawal LINK,£10.00,,"£3,006.41"
2016-09-29,Contactless Payment,DELIMARCHE ST ALBANS GB,£2.65,,"£3,003.76"
2016-09-29,Visa purchase,ASDA STORES LTD HEMEL HEMPSTE GB,£2.95,,"£3,000.81"
2016-09-29,Visa purchase,VILLAGE STORE BERKHAMSTED GB,£6.49,,"£2,994.32"
2016-09-29,Contactless Payment,ICELAND HEMEL HEMPSTE GB,£8.25,,"£2,986.07"
2016-09-30,Bank credit NHS PROF 75219,Bank credit NHS PROF 75219,,£258.17,"£3,244.24"
2016-09-30,Visa purchase,ASDA STORES LTD HEMEL HEMPSTE GB,£8.53,,"£3,235.71"
2016-09-30,Contactless Payment,ICELAND HEMEL HEMPSTE GB,£10.50,,"£3,225.21"
2016-10-01,ATM Withdrawal LINK,Withdrawal 30 September 2016,£30.00,,"£3,195.21"
2016-10-01,Visa purchase,AMAZON UK RETAIL AMAZON.C AMAZON.CO.UK LU,£7.95,,"£3,187.26"
2016-10-01,Contactless Payment,THE PLOUGH BERKHAMSTED GB,£8.00,,"£3,179.26"
2016-10-01,Visa purchase,TESCO STORES 2663 HEMEL HEMPSTE GB,£32.74,,"£3,146.52"
2016-10-03,Direct debit VIRGIN MONEY,VIRGIN MONEY,£50.00,,"£3,096.52"
2016-10-03,Visa purchase GOOGLE *Tinder,GOOGLE *Tinder g.co/payhelp# GB,£3.10,,"£3,093.42"
2016-10-03,Visa purchase,Amazon UK Marketplace 800-279-6620 LU,£18.30,,"£3,075.12"
2016-10-03,Visa purchase,Amazon UK Retail AMAZON.CO.UK LU,£18.35,,"£3,056.77"
2016-10-04,Visa purchase,Amazon UK Marketplace 800-279-6620 LU,£8.50,,"£3,048.27"
2016-10-04,Contactless Payment,TESCO STORES 2663 HEMEL HEMPSTE GB,£12.35,,"£3,035.92"
2016-10-05,ATM Withdrawal LINK,ATM Withdrawal LINK,£10.00,,"£3,025.92"
2016-10-05,Visa purchase,Amazon UK Marketplace 800-279-6620 LU,£16.99,,"£3,008.93"
2016-10-06,Visa purchase,ASDA STORES LTD HEMEL HEMPSTE GB,£30.85,,"£2,978.08"
2016-10-07,Bank credit NHS PROF 75219,Bank credit NHS PROF 75219,,£299.45,"£3,277.53"
2016-10-08,Contactless Payment,DELIMARCHE ST ALBANS GB,£2.89,,"£3,274.64"
2016-10-08,ATM Withdrawal LINK,ATM Withdrawal LINK,£40.00,,"£3,234.64"
2016-10-10,Visa purchase,CARD FACTORY HEMEL HEMPSTE GB,£0.89,,"£3,233.75"
2016-10-10,Contactless Payment,TFL.GOV.UK/CP TFL TRAVEL CH GB,£2.40,,"£3,231.35"
2016-10-10,Contactless Payment,CROWN BERKHAMSTED GB,£6.50,,"£3,224.85"
2016-10-10,Contactless Payment,CROWN BERKHAMSTED GB,£10.49,,"£3,214.36"
2016-10-10,Visa purchase,ASDA STORES LTD HEMEL HEMPSTE GB,£14.09,,"£3,200.27"
2016-10-10,Visa purchase,LONDON MIDLAND SEL BERKHAMSTED GB,£15.10,,"£3,185.17"
2016-10-10,Visa purchase,RIVER ISLAND 132 HEMEL HEMPSTE GB,£18.00,,"£3,167.17"
2016-10-10,Contactless Payment,STRONGROOM BAR LONDON GB,£26.50,,"£3,140.67"
2016-10-10,Visa purchase,ECC EAST LONDON LONDON GB,£35.44,,"£3,105.23"
2016-10-10,Visa purchase,T K MAXX HEMEL HEMSTEA GB,£10.04,,"£3,095.19"
2016-10-10,Contactless Payment,TESCO STORES 2663 HEMEL HEMPSTE GB,£24.69,,"£3,070.50"
2016-10-11,Contactless Payment,DELIMARCHE ST ALBANS GB,£2.65,,"£3,067.85"
2016-10-12,Contactless Payment,DELIMARCHE ST ALBANS GB,£2.65,,"£3,065.20"
2016-10-12,Contactless Payment,SHELL DACORUM HEMEL HEMPSTE GB,£7.49,,"£3,057.71"
2016-10-12,Visa purchase,Amazon UK Retail AMAZON.CO.UK LU,£30.00,,"£3,027.71"
2016-10-13,ATM Withdrawal LINK,ATM Withdrawal LINK,£10.00,,"£3,017.71"
2016-10-13,Contactless Payment,DELIMARCHE ST ALBANS GB,£4.04,,"£3,013.67"
2016-10-13,Visa purchase,ASDA STORES LTD HEMEL HEMPSTE GB,£11.90,,"£3,001.77"
2016-10-14,Bank credit NHS PROF 75219,Bank credit NHS PROF 75219,,£218.48,"£3,220.25"
2016-10-15,Contactless Payment,DELIMARCHE ST ALBANS GB,£2.89,,"£3,217.36"
2016-10-17,Direct debit EE & T-MOBILE,EE & T-MOBILE,£43.59,,"£3,173.77"
2016-10-17,Visa purchase,Amazon UK Retail AMAZON.CO.UK LU,£5.99,,"£3,167.78"
2016-10-17,Contactless Payment,RED SQUIRREL BREWING C BERKHAMSTED H GB,£6.20,,"£3,161.58"
2016-10-17,Contactless Payment,RED SQUIRREL BREWING C BERKHAMSTED H GB,£10.50,,"£3,151.08"
2016-10-17,Contactless Payment,TESCO STORES 3343 WARNERS END GB,£10.15,,"£3,140.93"
2016-10-18,Visa purchase,ASDA STORES LTD HEMEL HEMPSTE GB,£16.95,,"£3,123.98"
2016-10-19,ATM Withdrawal LINK,ATM Withdrawal LINK,£10.00,,"£3,113.98"
2016-10-19,Visa purchase,Amazon UK Retail AMAZON.CO.UK LU,£11.99,,"£3,101.99"
2016-10-20,ATM Withdrawal LINK,ATM Withdrawal LINK,£30.00,,"£3,071.99"
2016-10-20,Visa purchase,Amazon UK Marketplace 800-279-6620 LU,£5.99,,"£3,066.00"
2016-10-21,Bank credit NHS PROF 75219,Bank credit NHS PROF 75219,,£258.17,"£3,324.17"
2016-10-21,Visa purchase,ASDA STORES LTD HEMEL HEMPSTE GB,£11.90,,"£3,312.27"
2016-10-22,ATM Withdrawal LINK,ATM Withdrawal LINK,£30.00,,"£3,282.27"
2016-10-22,Contactless Payment,DELIMARCHE ST ALBANS GB,£2.79,,"£3,279.48"
2016-10-22,Visa purchase NETFLIX.COM,NETFLIX.COM 866-716-0414 NL,£7.49,,"£3,271.99"
2016-10-22,Visa purchase,Amazon UK Retail AMAZON.CO.UK LU,£13.60,,"£3,258.39"
2016-10-24,Contactless Payment,THE GOAT BERKHAMSTED GB,£10.00,,"£3,248.39"
2016-10-24,Contactless Payment,KINGS ARMS HOTEL BERKHAMSTED GB,£10.20,,"£3,238.19"
2016-10-24,Contactless Payment,WAITROSE 223 BERKHAMSTED GB,£13.41,,"£3,224.78"
2016-10-24,Visa purchase,TESCO STORES 2663 HEMEL HEMPSTE GB,£47.27,,"£3,177.51"
2016-10-26,Visa purchase,ASDA STORES LTD HEMEL HEMPSTE GB,£18.97,,"£3,158.54"
2016-10-27,Bank credit GBS RE MOJ - HMCTS,Bank credit GBS RE MOJ - HMCTS,,£623.47,"£3,782.01"
2016-10-27,Contactless Payment,DELIMARCHE ST ALBANS GB,£2.65,,"£3,779.36"
2016-10-28,Bank credit NHS PROF 75219,Bank credit NHS PROF 75219,,£256.30,"£4,035.66"
2016-10-29,Visa purchase,TESCO STORES 2663 HEMEL HEMPSTE GB,£57.90,,"£3,977.76"
2016-10-31,Direct debit SPECSAVERS FINANCE,SPECSAVERS FINANCE,£13.00,,"£3,964.76"
2016-10-31,Contactless Payment,TESCO STORES 3343 HEMEL HEMPSTE GB,£10.17,,"£3,954.59"
2016-11-01,Direct debit VIRGIN MONEY,VIRGIN MONEY,£50.00,,"£3,904.59"
2016-11-01,ATM Withdrawal LINK,ATM Withdrawal LINK,£30.00,,"£3,874.59"
2016-11-01,Visa purchase,ASDA STORES LTD HEMEL HEMPSTE GB,£14.31,,"£3,860.28"
2016-11-02,Visa purchase,ASDA STORES LTD HEMEL HEMPSTE GB,£6.76,,"£3,853.52"
2016-11-03,ATM Withdrawal SANTANDER,ATM Withdrawal SANTANDER,£10.00,,"£3,843.52"
2016-11-03,Visa purchase,ASDA STORES LTD HEMEL HEMPSTE GB,£7.96,,"£3,835.56"
2016-11-04,Bank credit NHS PROF 75219,Bank credit NHS PROF 75219,,£262.05,"£4,097.61"
2016-11-04,ATM Withdrawal LINK,ATM Withdrawal LINK,£10.00,,"£4,087.61"
2016-11-04,Visa purchase,ASDA STORES LTD HEMEL HEMPSTE GB,£4.60,,"£4,083.01"
2016-11-05,ATM Withdrawal LINK Inc charge from ATM Owner 1.650000,ATM Withdrawal LINK Inc charge from ATM Owner 1.650000,£41.65,,"£4,041.36"
2016-11-07,Contactless Payment,TESCO STORES-2089 BERKHAMSTED GB,£17.35,,"£4,024.01"
2016-11-07,Contactless Payment,CINEWORLD CINEMAS HEMEL HEMPSTE GB,£6.80,,"£4,017.21"
2016-11-07,Contactless Payment,TESCO STORES-2089 BERKHAMSTED GB,£13.60,,"£4,003.61"
2016-11-07,Contactless Payment,BOAT BERKHAMSTED GB,£26.39,,"£3,977.22"
2016-11-08,Visa purchase,ASDA STORES LTD HEMEL HEMPSTE GB,£18.69,,"£3,958.53"
2016-11-08,Visa purchase,EB *EUROPES TOUGHEST M 801-413-7200 IE,£136.51,,"£3,822.02"
2016-11-10,Visa purchase GOOGLE *Tinder,GOOGLE *Tinder g.co/payhelp# GB,£3.10,,"£3,818.92"
2016-11-10,Visa purchase,ASDA STORES LTD HEMEL HEMPSTE GB,£6.75,,"£3,812.17"
2016-11-11,Bank credit NHS PROF 75219,Bank credit NHS PROF 75219,,£258.53,"£4,070.70"
2016-11-11,Visa purchase,WWW.MOONPIG.COM LTD LONDON SE1 GB,£3.94,,"£4,066.76"
2016-11-11,Contactless Payment,ICELAND HEMEL HEMPSTE GB,£4.55,,"£4,062.21"
2016-11-11,Visa purchase,ASDA STORES LTD HEMEL HEMPSTE GB,£7.00,,"£4,055.21"
2016-11-12,Contactless Payment,DELIMARCHE ST ALBANS GB,£3.79,,"£4,051.42"
2016-11-12,Visa purchase,TESCO PAYAT PUMP 3719 H HEMPSTEAD GB,£42.14,,"£4,009.28"
2016-11-12,Visa purchase,TESCO STORES 2663 HEMEL HEMPSTE GB,£46.99,,"£3,962.29"
2016-11-14,Payment to,PAUL ROSE,£17.00,,"£3,945.29"
2016-11-14,Visa purchase,Amazon UK Marketplace 800-279-6620 LU,£6.93,,"£3,938.36"
2016-11-14,Contactless Payment,CROWN BERKHAMSTED GB,£24.12,,"£3,914.24"
2016-11-14,Contactless Payment,MCDONALDS HEMEL HEMPSTE GB,£5.29,,"£3,908.95"
2016-11-14,Contactless Payment,TESCO STORES 2663 HEMEL HEMPSTE GB,£17.71,,"£3,891.24"
