Date,Transaction type,Description,Paid out,Paid in,Balance
2015-08-14,Bank credit NHS PROF 75219,Bank credit NHS PROF 75219,,216.88,1828.80
2015-08-14,Direct Debit - First Payment VIRGIN MEDIA PYMTS,VIRGIN MEDIA PYMTS,77.98,,1750.82
2015-08-14,ATM Withdrawal LINK,ATM Withdrawal LINK,30.00,,1720.82
2015-08-17,Direct debit EE & T-MOBILE,EE & T-MOBILE,31.87,,1688.95
2015-08-17,Visa purchase,GOOGLE *Bethesda Games GOOGLE.COM/CH GB 0000,0.76,,1688.19
2015-08-17,Visa purchase,CO-OP GROUP 180260 Warners End GB 0000,8.59,,1679.60
2015-08-18,Visa purchase,CO-OP GROUP 180260 Warners End GB 0000,4.68,,1674.92
2015-08-18,Visa purchase,ASDA STORES LTD HEMEL HEMPSTE GB 0000,18.76,,1656.16
2015-08-19,Visa purchase,GOOGLE *Bethesda Games GOOGLE.COM/CH GB 0000,3.06,,1653.10
2015-08-19,Visa purchase,GOOGLE *Bethesda Games GOOGLE.COM/CH GB 0000,3.07,,1650.03
2015-08-20,Visa purchase,CO-OP GROUP 180260 Warners End GB 0000,6.00,,1644.03
2015-08-20,ATM Withdrawal LINK,ATM Withdrawal LINK,10.00,,1634.03
2015-08-21,Bank credit NHS PROF 75219,Bank credit NHS PROF 75219,,332.71,1966.74
2015-08-22,ATM Withdrawal LINK,ATM Withdrawal LINK,20.00,,1946.74
2015-08-22,Visa purchase,Amazon UK Marketplace 800-279-6620 LU 0000,4.99,,1941.75
2015-08-22,Visa purchase,CO-OP GROUP 180260 Warners End GB 0000,5.45,,1936.30
2015-08-22,Visa purchase NETFLIX.COM,NETFLIX.COM 866-716-0414 NL 0000,5.99,,1930.31
2015-08-22,Visa purchase,CO-OP GROUP 180260 Warners End GB 0000,12.50,,1917.81
2015-08-24,ATM Withdrawal LINK,Withdrawal 23 August 2015,10.00,,1907.81
2015-08-24,Visa purchase,CO-OP GROUP 180260 Warners End GB 0000,21.00,,1886.81
2015-08-24,Visa purchase,PIZZA EXPRESS BERKHAMSTED 1 GB 0000,63.00,,1823.81
2015-08-24,Visa purchase,WAITROSE 223 BERKHAMSTED GB 0000,10.21,,1813.60
2015-08-25,Visa purchase,"Amazon Svcs Europe,SAR AMAZON.CO.UK LU 0000",6.99,,1806.61
2015-08-25,Visa purchase,Amazon UK Marketplace 800-279-6620 LU 0000,15.99,,1790.62
2015-08-25,Visa purchase,Amazon UK Marketplace 800-279-6620 LU 0000,29.70,,1760.92
2015-08-25,Visa purchase,Amazon UK Marketplace 800-279-6620 LU 0000,33.98,,1726.94
2015-08-26,Visa purchase,CO-OP GROUP 180260 Warners End GB 0000,9.29,,1717.65
2015-08-26,Visa purchase,ARGOS LTD HEMEL HEMPSTE GB 0000,9.99,,1707.66
2015-08-26,Visa purchase,Amazon UK Retail AMAZON.CO.UK LU 0000,56.99,,1650.67
2015-08-27,Visa purchase,CO-OP GROUP 180260 Warners End GB 0000,2.00,,1648.67
2015-08-27,Visa purchase,WATERSTONES HERTS GB 0000,12.98,,1635.69
2015-08-27,ATM Withdrawal SANTANDER,ATM Withdrawal SANTANDER,20.00,,1615.69
2015-08-28,Bank credit NHS PROF 75219,Bank credit NHS PROF 75219,,219.46,1835.15
2015-08-28,Visa Credit,WATERSTONES HERTS GB,,3.99,1839.14
2015-08-28,Visa purchase,DELIMARCHE ST ALBANS GB 0000,2.80,,1836.34
2015-08-28,Visa purchase,LUCKY STARS HEMEL HEMPSTE GB 0000,13.40,,1822.94
2015-08-28,ATM Withdrawal LINK,ATM Withdrawal LINK,10.00,,1812.94
2015-08-29,Visa purchase,CARDS DIRECT RUGBY GB 0000,5.98,,1806.96
2015-08-29,Visa purchase,Amazon UK Retail AMAZON.CO.UK LU 0000,7.04,,1799.92
2015-08-29,Visa purchase,CLINTONS 194 HEMEL HEMPSTE GB 0000,15.50,,1784.42
2015-08-29,Visa purchase,H&M HEMEL HEMPSTE GB 0000,19.98,,1764.44
2015-08-29,Visa purchase,DEBENHAMS HEMEL HEMPSTE GB 0000,38.00,,1726.44
2015-08-31,Visa purchase,CH&CO CATERING LTD LONDON ZOO GB 0000,5.50,,1720.94
2015-08-31,Visa purchase,YO! SUSHI BAKER STREET LONDON GB 0000,20.90,,1700.04
2015-08-31,Visa purchase,TESCO STORES 5912 LONDON GB 0000,20.92,,1679.12
2015-08-31,Visa purchase,V.BRITAINSHOP GB LONDON GB 0000,38.00,,1641.12
2015-09-01,Direct Debit - First Payment SPECSAVERS FINANCE,SPECSAVERS FINANCE,13.00,,1628.12
2015-09-01,Direct debit DACORUM SPORTS TST,DACORUM SPORTS TST,41.00,,1587.12
2015-09-01,Direct debit VIRGIN MONEY,VIRGIN MONEY,50.00,,1537.12
2015-09-01,Visa purchase,GOOGLE *Omni Systems GOOGLE.COM/CH GB 0000,2.49,,1534.63
2015-09-01,Visa purchase,CO-OP GROUP 180260 Warners End GB 0000,7.94,,1526.69
2015-09-03,Visa purchase,DELIMARCHE ST ALBANS GB 0000,3.79,,1522.90
2015-09-03,Visa purchase,TESCO STORES 2663 HEMEL HEMPSTE GB 0000,5.14,,1517.76
2015-09-04,Bank credit NHS PROF 75219,Bank credit NHS PROF 75219,,257.30,1775.06
2015-09-04,Visa purchase,DELIMARCHE ST ALBANS GB 0000,3.79,,1771.27
2015-09-07,ATM Withdrawal LINK,ATM Withdrawal LINK,40.00,,1731.27
2015-09-08,Visa purchase,GOOGLE *nikbits GOOGLE.COM/CH GB 0000,2.99,,1728.28
2015-09-09,Standing order,SQUIRE ESTATES,500.00,,1228.28
2015-09-09,Visa purchase,ASDA STORES LTD HEMEL HEMPSTE GB 0000,9.75,,1218.53
2015-09-10,Visa purchase,DELIMARCHE ST ALBANS GB 0000,3.77,,1214.76
2015-09-10,Visa purchase,ARGOS LTD HEMEL HEMPSTE GB 0000,14.88,,1199.88
2015-09-11,Bank credit NHS PROF 75219,Bank credit NHS PROF 75219,,211.71,1411.59
2015-09-11,Visa purchase,DELIMARCHE ST ALBANS GB 0000,3.67,,1407.92
2015-09-12,Visa purchase SPOTIFY SPOTIFY PREMIU,SPOTIFY SPOTIFY PREMIU LONDON GB 0000,9.99,,1397.93
2015-09-12,Visa purchase,DELIMARCHE ST ALBANS GB 0000,3.67,,1394.26
2015-09-12,Visa purchase Amazon Prime,Amazon Prime 080-04962454 LU 0000,79.00,,1315.26
2015-09-14,ATM Withdrawal LINK,Withdrawal 12 September 2015,20.00,,1295.26
2015-09-14,Direct debit VIRGIN MEDIA PYMTS,VIRGIN MEDIA PYMTS,38.99,,1256.27
2015-09-14,Visa purchase,PLAYSTATIONNETWORK INTERNET GB 0000,50.00,,1206.27
2015-09-15,Visa purchase,CO-OP GROUP 180260 Warners End GB 0000,19.00,,1187.27
2015-09-16,Visa purchase,DELIMARCHE ST ALBANS GB 0000,2.80,,1184.47
2015-09-17,Direct debit EE & T-MOBILE,EE & T-MOBILE,28.72,,1155.75
2015-09-17,Visa purchase,DELIMARCHE ST ALBANS GB 0000,3.67,,1152.08
2015-09-17,Visa purchase,"Amazon Svcs Europe,SAR AMAZON.CO.UK LU 0000",7.99,,1144.09
2015-09-17,Visa purchase,ASDA STORES LTD HEMEL HEMPSTE GB 0000,21.40,,1122.69
2015-09-18,Bank credit NHS PROF 75219,Bank credit NHS PROF 75219,,229.85,1352.54
2015-09-18,Visa purchase,NOWTV.COM/BILLINGHELP SKY GB 0000,1.00,,1351.54
2015-09-18,Visa purchase,DELIMARCHE ST ALBANS GB 0000,3.67,,1347.87
2015-09-18,Visa purchase,CO-OP GROUP 180260 Warners End GB 0000,7.99,,1339.88
2015-09-18,Visa purchase,Deichmann Shoes Hemel Hempste GB 0000,19.99,,1319.89
2015-09-19,Visa purchase,DELIMARCHE ST ALBANS GB 0000,3.97,,1315.92
2015-09-19,Visa purchase,CO-OP GROUP 180260 Warners End GB 0000,6.39,,1309.53
2015-09-19,ATM Withdrawal LINK,ATM Withdrawal LINK,20.00,,1289.53
2015-09-21,ATM Withdrawal LINK,ATM Withdrawal LINK,30.00,,1259.53
2015-09-21,Visa purchase,TESCO STORES 3343 HEMEL HEMPSTE GB 0000,7.98,,1251.55
2015-09-22,Visa purchase,THE ALFORD ARMS NR. HEMEL HEM GB 0000,16.00,,1235.55
2015-09-22,Visa purchase,SAINSBURY'S S/MKT APSLEY MILLS GB 0000,21.79,,1213.76
2015-09-22,Visa purchase,ARGOS LTD HEMEL HEMPSTE GB 0000,49.99,,1163.77
2015-09-24,Visa purchase NETFLIX.COM,NETFLIX.COM 14085403700 LU 0000,5.99,,1157.78
2015-09-24,Visa purchase,CO-OP GROUP 180260 Warners End GB 0000,4.28,,1153.50
2015-09-25,Bank credit NHS PROF 75219,Bank credit NHS PROF 75219,,306.49,1459.99
2015-09-28,Visa purchase,PLAYSTATIONNETWORK INTERNET GB 0000,6.77,,1453.22
2015-09-28,Visa purchase,PLAYSTATIONNETWORK INTERNET GB 0000,10.79,,1442.43
2015-09-28,Visa purchase,CO-OP GROUP 180260 Warners End GB 0000,13.00,,1429.43
2015-09-28,Visa purchase,WAITROSE 223 BERKHAMSTED GB 0000,16.33,,1413.10
2015-09-29,Direct debit SPECSAVERS FINANCE,SPECSAVERS FINANCE,13.00,,1400.10
2015-09-30,Visa purchase,JURYS INN WATFORD GB 0000,2.75,,1397.35
2015-10-01,Direct debit DACORUM SPORTS TST,DACORUM SPORTS TST,41.00,,1356.35
2015-10-01,Direct debit VIRGIN MONEY,VIRGIN MONEY,50.00,,1306.35
2015-10-02,Bank credit NHS PROF 75219,Bank credit NHS PROF 75219,,174.96,1481.31
2015-10-02,Visa purchase,DELIMARCHE ST ALBANS GB 0000,3.67,,1477.64
2015-10-02,Visa purchase,CO-OP GROUP 0000000000000 Warners End GB 0000,12.00,,1465.64
2015-10-03,Visa purchase,CO-OP GROUP 180260 Warners End GB 0000,12.00,,1453.64
2015-10-03,Visa purchase,TOYS UK HEMEL HEMPSTE GB 0000,12.99,,1440.65
2015-10-05,ATM Withdrawal LINK,ATM Withdrawal LINK,70.00,,1370.65
2015-10-05,Visa purchase,WILKO RETAIL LIMIT HEMELHEMSTEAD GB 0000,11.50,,1359.15
2015-10-05,Visa purchase,BILLS BERKHAMSTED BERKHAMSTED GB 0000,10.00,,1349.15
2015-10-06,Visa purchase,ASDA STORES LTD HEMEL HEMPSTE GB 0000,14.63,,1334.52
2015-10-07,ATM Withdrawal LINK,ATM Withdrawal LINK,10.00,,1324.52
2015-10-08,ATM Withdrawal LINK,ATM Withdrawal LINK,10.00,,1314.52
2015-10-09,Bank credit NHS PROF 75219,Bank credit NHS PROF 75219,,262.69,1577.21
2015-10-09,Standing order,SQUIRE ESTATES,500.00,,1077.21
2015-10-09,Visa purchase MICROSOFT *XBOXLIVE,MICROSOFT *XBOXLIVE 0800 587 1102 IE 0000,14.99,,1062.22
2015-10-09,Visa purchase,WAITROSE 223 BERKHAMSTED GB 0000,9.99,,1052.23
2015-10-09,Visa purchase,CO-OP GROUP 180260 Warners End GB 0000,10.00,,1042.23
2015-10-09,Visa purchase,ZERO BERKHAMSTED GB 0000,18.00,,1024.23
2015-10-12,Visa purchase SPOTIFY SPOTIFY PREMIU,SPOTIFY SPOTIFY PREMIU LONDON GB 0000,9.99,,1014.24
2015-10-12,Visa purchase,CLINTONS 81 BERKHAMSTED GB 0000,3.00,,1011.24
2015-10-12,Visa purchase,BILLS BERKHAMSTED BERKHAMSTED GB 0000,16.79,,994.45
2015-10-13,Visa purchase,GOOGLE *UDEMY INC GOOGLE.COM/CH GB 0000,11.87,,982.58
2015-10-14,Direct debit VIRGIN MEDIA PYMTS,VIRGIN MEDIA PYMTS,38.99,,943.59
2015-10-14,Visa purchase,ITUNES.COM/BILL ITUNES.COM LU 0000,29.99,,913.60
2015-10-16,ATM Withdrawal LINK,Withdrawal 15 October 2015,10.00,,903.60
2015-10-16,Bank credit NHS PROF 75219,Bank credit NHS PROF 75219,,336.91,1240.51
2015-10-16,Visa purchase,CO-OP GROUP 180260 Warners End GB 0000,6.04,,1234.47
2015-10-17,Visa purchase,CO-OP GROUP 180260 Warners End GB 0000,5.34,,1229.13
2015-10-17,Visa purchase,CO-OP GROUP 180260 Warners End GB 0000,10.87,,1218.26
2015-10-19,Direct debit EE & T-MOBILE,EE & T-MOBILE,29.03,,1189.23
2015-10-19,Visa purchase,NOWTV.COM/BILLINGHELP SKY GB 0000,6.99,,1182.24
2015-10-19,Visa purchase,BILLS BERKHAMSTED BERKHAMSTED GB 0000,34.43,,1147.81
2015-10-19,Visa purchase,WAITROSE 223 BERKHAMSTED GB 0000,7.03,,1140.78
2015-10-19,Visa purchase,BILLS BERKHAMSTED BERKHAMSTED GB 0000,25.52,,1115.26
2015-10-19,ATM Withdrawal LINK,ATM Withdrawal LINK,10.00,,1105.26
2015-10-20,Visa purchase,"BOOTS,BERKHAMSTED BERKHAMSTED GB 0000",4.89,,1100.37
2015-10-20,Visa purchase,DELIMARCHE ST ALBANS GB 0000,3.67,,1096.70
2015-10-21,Visa purchase,TESCO STORES 3343 WARNERS END GB 0000,5.60,,1091.10
2015-10-21,Visa purchase,CO-OP GROUP 180260 Warners End GB 0000,11.71,,1079.39
2015-10-22,Visa purchase,CO-OP GROUP 180260 Warners End GB 0000,10.00,,1069.39
2015-10-22,ATM Withdrawal LINK,ATM Withdrawal LINK,20.00,,1049.39
2015-10-23,Bank credit NHS PROF 75219,Bank credit NHS PROF 75219,,40.80,1090.19
2015-10-23,Visa purchase,GOOGLE *ZeptoLab GOOGLE.COM/CH GB 0000,3.29,,1086.90
2015-10-23,Visa purchase,DELIMARCHE ST ALBANS GB 0000,3.67,,1083.23
2015-10-23,Visa purchase NETFLIX.COM,NETFLIX.COM 0800 096 6380 LU 0000,5.99,,1077.24
2015-10-24,ATM Withdrawal LINK,ATM Withdrawal LINK,10.00,,1067.24
2015-10-24,Visa purchase,GOOGLE *Hindsight Labs GOOGLE.COM/CH GB 0000,3.17,,1064.07
2015-10-26,Visa purchase,ZERO BERKHAMSTED GB 0000,17.50,,1046.57
2015-10-26,Visa purchase,CO-OP GROUP 180260 Warners End GB 0000,12.87,,1033.70
2015-10-26,Visa purchase,TESCO STORES 3343 WARNERS END GB 0000,16.32,,1017.38
2015-10-27,Visa purchase,PRIMARK WATFORD GB 0000,34.00,,983.38
2015-10-28,Visa purchase,MCDONALDS HEMEL HEMPSTE GB 0000,9.48,,973.90
2015-10-29,Direct debit SPECSAVERS FINANCE,SPECSAVERS FINANCE,13.00,,960.90
2015-10-29,Visa purchase,ODEON/BOOKIT AYLESBURY GB 0000,23.50,,937.40
2015-10-29,Visa purchase,DELIMARCHE ST ALBANS GB 0000,3.67,,933.73
2015-10-30,Bank credit NHS PROF 75219,Bank credit NHS PROF 75219,,437.56,1371.29
2015-10-30,Visa purchase,DELIMARCHE ST ALBANS GB 0000,3.67,,1367.62
2015-10-30,Visa purchase,CO-OP GROUP 180260 Warners End GB 0000,13.14,,1354.48
2015-10-30,Visa purchase,V2CIGS VAPOUR2 UK 441733555555 GB 0000,39.70,,1314.78
2015-10-31,Visa purchase,DELIMARCHE ST ALBANS GB 0000,3.67,,1311.11
2015-11-02,ATM Withdrawal LINK,Withdrawal 31 October 2015,30.00,,1281.11
2015-11-02,Direct debit VIRGIN MONEY,VIRGIN MONEY,50.00,,1231.11
2015-11-02,ATM Withdrawal LINK,ATM Withdrawal LINK,100.00,,1131.11
2015-11-02,Visa purchase,CO-OP GROUP 180260 Warners End GB 0000,16.00,,1115.11
2015-11-02,Visa purchase,BILLS BERKHAMSTED BERKHAMSTED GB 0000,23.98,,1091.13
2015-11-03,Direct debit DACORUM SPORTS TST,DACORUM SPORTS TST,41.00,,1050.13
2015-11-05,Visa purchase,ASDA STORES LTD HEMEL HEMPSTE GB 0000,8.50,,1041.63
2015-11-05,ATM Withdrawal LINK,ATM Withdrawal LINK,20.00,,1021.63
2015-11-06,Bank credit NHS PROF 75219,Bank credit NHS PROF 75219,,205.00,1226.63
2015-11-09,Standing order,SQUIRE ESTATES,500.00,,726.63
2015-11-09,Visa purchase,CROWN BERKHAMSTED GB 0000,16.45,,710.18
2015-11-09,Visa purchase,TESCO STORES 3343 HEMEL HEMPSTE GB 0000,1.50,,708.68
2015-11-09,Visa purchase,CO-OP GROUP 180260 Warners End GB 0000,13.69,,694.99
2015-11-11,Visa purchase,WWW.MOONPIG.COM LTD LONDON SE1 GB 0000,3.94,,691.05
2015-11-11,Visa purchase,CO-OP GROUP 180260 Warners End GB 0000,3.81,,687.24
2015-11-11,Visa purchase SPOTIFY SPOTIFY PREMIU,SPOTIFY SPOTIFY PREMIU LONDON GB 0000,9.99,,677.25
2015-11-11,Visa purchase,PLAYSTATIONNETWORK INTERNET GB 0000,49.99,,627.26
2015-11-11,ATM Withdrawal LINK,ATM Withdrawal LINK,20.00,,607.26
2015-11-12,Visa purchase,DELIMARCHE ST ALBANS GB 0000,2.00,,605.26
2015-11-13,Bank credit NHS PROF 75219,Bank credit NHS PROF 75219,,335.83,941.09
2015-11-13,Visa purchase,MCDONALDS HEMEL HEMPSTE GB 0000,14.76,,926.33
2015-11-14,ATM Withdrawal LINK,Withdrawal 13 November 2015,20.00,,906.33
2015-11-14,Visa purchase,SHELL DACORUM HEMEL HEMPSTE GB 0000,15.02,,891.31
2015-11-16,Direct debit VIRGIN MEDIA PYMTS,VIRGIN MEDIA PYMTS,38.99,,852.32
2015-11-16,Visa purchase,ITUNES.COM/BILL ITUNES.COM LU 0000,19.99,,832.33
2015-11-16,Visa purchase,H&M HEMEL HEMPSTE GB 0000,43.03,,789.30
2015-11-16,Visa purchase,TESCO STORE 2089 BERKHAMSTED GB 0000,20.10,,769.20
2015-11-17,Visa purchase,PAYPAL *FIVERR COM 4029357733 IL 0000,3.73,,765.47
2015-11-17,Visa purchase,GREGGS - S0987 HEMEL H'STEAD GB 0000,2.00,,763.47
2015-11-17,Visa purchase,DELIMARCHE ST ALBANS GB 0000,4.19,,759.28
2015-11-17,Visa purchase,ASDA STORES LTD HEMEL HEMPSTE GB 0000,20.66,,738.62
2015-11-17,Visa purchase SNUSLINE,SNUSLINE BET SHEMESH IL 31.900000 EUR at 1.41275 0000,22.58,,716.04
2015-11-17,Non-Sterling transaction fee,Non-Sterling transaction fee,0.45,,715.59
2015-11-18,Direct debit EE & T-MOBILE,EE & T-MOBILE,28.78,,686.81
2015-11-18,Visa purchase,DELIMARCHE ST ALBANS GB 0000,2.80,,684.01
2015-11-18,Visa purchase,TESCO STORES 3343 HEMEL HEMPSTE GB 0000,3.84,,680.17
2015-11-18,Visa purchase NOWTV.COM/BILLINGHELP,NOWTV.COM/BILLINGHELP SKY GB 0000,6.99,,673.18
2015-11-18,Visa purchase,ASDA STORES LTD HEMEL HEMPSTE GB 0000,9.57,,663.61
2015-11-19,ATM Withdrawal LINK,ATM Withdrawal LINK,20.00,,643.61
2015-11-20,Bank credit NHS PROF 75219,Bank credit NHS PROF 75219,,220.20,863.81
2015-11-20,Visa purchase,TESCO STORES 3343 HEMEL HEMPSTE GB 0000,0.90,,862.91
2015-11-20,Visa purchase,DELIMARCHE ST ALBANS GB 0000,5.32,,857.59
2015-11-20,Visa purchase,TESCO STORES 6446 HERTFORDSHIRE GB 0000,11.56,,846.03
2015-11-23,ATM Withdrawal LINK,Withdrawal 22 November 2015,20.00,,826.03
2015-11-23,Visa purchase,MCDONALDS HEMEL HEMPSTE GB 0000,10.68,,815.35
2015-11-23,Visa purchase,TESCO STORES 3343 HEMEL HEMPSTE GB 0000,5.00,,810.35
2015-11-23,Visa purchase,BILLS BERKHAMSTED BERKHAMSTED GB 0000,26.62,,783.73
2015-11-23,Visa purchase NETFLIX.COM,NETFLIX.COM 0800 096 6380 NL 0000,5.99,,777.74
2015-11-23,Visa purchase,MCDONALDS HEMEL HEMPSTE GB 0000,12.97,,764.77
2015-11-25,Visa purchase,DELIMARCHE ST ALBANS GB 0000,2.80,,761.97
2015-11-25,Visa purchase,TESCO STORES 3343 WARNERS END GB 0000,12.14,,749.83
2015-11-25,Visa purchase,ASDA STORES LTD HEMEL HEMPSTE GB 0000,21.84,,727.99
2015-11-26,ATM Withdrawal LINK,Withdrawal 25 November 2015,20.00,,707.99
2015-11-27,Bank credit NHS PROF 75219,Bank credit NHS PROF 75219,,261.95,969.94
2015-11-27,Visa purchase,ASDA STORES LTD HEMEL HEMPSTE GB 0000,24.86,,945.08
2015-11-27,Visa purchase,A&N MEDIA FINANCE SERV LEICESTER GB 0000,54.90,,890.18
2015-11-28,Visa purchase,NCP LIMITED P&D MILTON KEYNES GB 0000,4.00,,886.18
2015-11-28,Visa purchase,NCP LIMITED P&D MILTON KEYNES GB 0000,9.00,,877.18
2015-11-28,Visa purchase,CROWN BERKHAMSTED GB 0000,14.30,,862.88
2015-11-28,Visa purchase,Amazon UK Retail AMAZON.CO.UK LU 0000,15.89,,846.99
2015-11-28,Visa purchase,HOUSE OF FRASER MILTON KEYNES GB 0000,25.05,,821.94
2015-11-28,Visa purchase,HOUSE OF FRASER MILTON KEYNES GB 0000,26.10,,795.84
2015-11-28,Visa purchase,THE BODY SHOP MILTON KEYNES GB 0000,34.05,,761.79
2015-11-28,Visa purchase,YO! SUSHI MILTON KEYNES GB 0000,34.20,,727.59
2015-11-30,ATM Withdrawal LINK,Withdrawal 29 November 2015,30.00,,697.59
2015-11-30,Direct debit SPECSAVERS FINANCE,SPECSAVERS FINANCE,13.00,,684.59
2015-11-30,Visa purchase,FISHERY INN HEMEL HEMPSTE GB 0000,52.65,,631.94
2015-11-30,Visa purchase,EMPIRECINEMAS.CO.U 0844 8846740 GB 0000,6.65,,625.29
2015-11-30,Visa purchase,COSTA COFFEE BERKHAMSTED 2 GB 0000,9.75,,615.54
2015-11-30,Visa purchase,EMPIRECINEMAS.CO.U 0844 8846740 GB 0000,17.30,,598.24
2015-12-01,Direct debit VIRGIN MONEY,VIRGIN MONEY,50.00,,548.24
2015-12-01,Visa purchase,SAINSBURYS S/MKTS APSLEY MILLS GB 0000,5.75,,542.49
2015-12-01,Visa purchase,SHELL REDBOURN 006 ST ALBANS GB 0000,10.01,,532.48
2015-12-01,Visa purchase,M&S E COMMERCE ..... GB 0000,66.49,,465.99
2015-12-02,Visa Credit,M&S E COMMERCE ..... GB,,66.49,532.48
2015-12-02,Visa purchase,DELIMARCHE ST ALBANS GB 0000,3.67,,528.81
2015-12-02,Visa purchase,PIZZA EXPRESS BERKHAMSTED 1 GB 0000,43.85,,484.96
2015-12-03,ATM Withdrawal LINK,ATM Withdrawal LINK,80.00,,404.96
2015-12-03,Visa purchase,DELIMARCHE ST ALBANS GB 0000,3.40,,401.56
2015-12-03,Visa purchase,Amazon UK Marketplace 800-279-6620 LU 0000,5.54,,396.02
2015-12-03,Visa purchase,AMT COFFEE ST ALBANS 136 GB 0000,5.80,,390.22
2015-12-03,Visa purchase,ASDA STORES LTD HEMEL HEMPSTE GB 0000,23.13,,367.09
2015-12-04,Bank credit NHS PROF 75219,Bank credit NHS PROF 75219,,254.34,621.43
2015-12-05,Visa purchase,DELIMARCHE ST ALBANS GB 0000,3.35,,618.08
2015-12-05,Visa purchase,DELIMARCHE ST ALBANS GB 0000,4.72,,613.36
2015-12-07,Visa purchase,MCDONALDS HEMEL HEMPSTE GB 0000,8.06,,605.30
2015-12-09,Standing order,SQUIRE ESTATES,500.00,,105.30
2015-12-09,Visa purchase,DELIMARCHE ST ALBANS GB 0000,5.62,,99.68
2015-12-09,Visa purchase,"Amazon Svcs Europe,SAR AMAZON.CO.UK LU 0000",6.99,,92.69
2015-12-10,Visa purchase,DELIMARCHE ST ALBANS GB 0000,3.67,,89.02
2015-12-10,Visa purchase,TESCO STORES 3343 HEMEL HEMPSTE GB 0000,9.05,,79.97
2015-12-11,Bank credit NHS PROF 75219,Bank credit NHS PROF 75219,,259.49,339.46
2015-12-11,Visa purchase,DELIMARCHE ST ALBANS GB 0000,4.45,,335.01
2015-12-11,Visa purchase,ASDA STORES LTD HEMEL HEMPSTE GB 0000,5.54,,329.47
2015-12-11,Visa purchase SPOTIFY SPOTIFY PREMIU,SPOTIFY SPOTIFY PREMIU LONDON GB 0000,9.99,,319.48
2015-12-11,Visa purchase,FUNKYPIGEON.COM SWINDON GB 0000,13.74,,305.74
2015-12-12,ATM Withdrawal LINK,ATM Withdrawal LINK,30.00,,275.74
2015-12-12,Visa purchase,TESCO STORES 6446 HEMEL HEMPSTE GB 0000,5.93,,269.81
2015-12-12,ATM Withdrawal LINK,ATM Withdrawal LINK,30.00,,239.81
2015-12-14,Direct debit VIRGIN MEDIA PYMTS,VIRGIN MEDIA PYMTS,38.99,,200.82
2015-12-14,Visa purchase,TESCO STORES-2089 BERKHAMSTED GB 0000,8.13,,192.69
2015-12-14,Visa purchase,EMPIRE CINEMAS HEMEL HEMPSTE GB 0000,6.80,,185.89
2015-12-15,Visa purchase,DELIMARCHE ST ALBANS GB 0000,3.69,,182.20
2015-12-16,Visa purchase,PRIMARK HEMEL HEMPSTE GB 0000,14.00,,168.20
2015-12-17,Direct debit EE & T-MOBILE,EE & T-MOBILE,29.24,,138.96
2015-12-17,Transfer from,SUNDRIES Credit 15 December 2015,,500.00,638.96
2015-12-17,ATM Withdrawal SANTANDER,ATM Withdrawal SANTANDER,50.00,,588.96
2015-12-18,Bank credit NHS PROF 75219,Bank credit NHS PROF 75219,,363.74,952.70
2015-12-18,Visa purchase,DELIMARCHE ST ALBANS GB 0000,1.65,,951.05
2015-12-18,Visa purchase,DELIMARCHE ST ALBANS GB 0000,3.67,,947.38
2015-12-18,Visa purchase NOWTV.COM/BILLINGHELP,NOWTV.COM/BILLINGHELP SKY GB 0000,6.99,,940.39
2015-12-18,ATM Withdrawal LINK,ATM Withdrawal LINK,40.00,,900.39
2015-12-19,Cheque deposit,Cheque deposit,,740.00,1640.39
2015-12-19,Visa purchase,Amazon UK Retail AMAZON.CO.UK LU 0000,5.24,,1635.15
2015-12-21,ATM Withdrawal LINK,Withdrawal 20 December 2015,30.00,,1605.15
2015-12-22,Visa purchase,DELIMARCHE ST ALBANS GB 0000,5.26,,1599.89
2015-12-22,Visa purchase,Amazon UK Retail AMAZON.CO.UK LU 0000,16.59,,1583.30
2015-12-22,Visa purchase,ARGOS LTD HEMEL HEMPSTE GB 0000,25.05,,1558.25
2015-12-22,Visa purchase,ASDA STORES LTD HEMEL HEMPSTE GB 0000,26.34,,1531.91
2015-12-23,Bank credit NHS PROF 75219,Bank credit NHS PROF 75219,,331.64,1863.55
2015-12-23,Visa purchase NETFLIX.COM,NETFLIX.COM 0800 096 6380 NL 0000,5.99,,1857.56
2015-12-23,Visa purchase,Amazon UK Marketplace 800-279-6620 LU 0000,11.49,,1846.07
2015-12-23,Visa purchase,Amazon UK Retail AMAZON.CO.UK LU 0000,17.97,,1828.10
2015-12-23,ATM Withdrawal NATIONWIDE,ATM Withdrawal NATIONWIDE,100.00,,1728.10
2015-12-24,Visa purchase,DELIMARCHE ST ALBANS GB 0000,5.95,,1722.15
2015-12-24,Visa purchase,Amazon UK Marketplace 800-279-6620 LU 0000,9.99,,1712.16
2015-12-24,ATM Withdrawal LINK,ATM Withdrawal LINK,50.00,,1662.16
2015-12-28,Visa purchase,Northerner.com MOLNDAL SE 63.140000 EUR at 1.35668 0000,46.54,,1615.62
2015-12-28,Non-Sterling transaction fee,Non-Sterling transaction fee,0.93,,1614.69
2015-12-28,Visa purchase,Amazon UK Retail AMAZON.CO.UK LU 0000,379.00,,1235.69
2015-12-29,Direct debit SPECSAVERS FINANCE,SPECSAVERS FINANCE,13.00,,1222.69
2015-12-29,Visa purchase,Amazon UK Retail AMAZON.CO.UK LU 0000,18.49,,1204.20
2015-12-30,Visa purchase,MCDONALDS ST ALBANS GB 0000,5.39,,1198.81
2015-12-30,Visa purchase,TESCO STORES 2663 HEMEL HEMPSTE GB 0000,15.05,,1183.76
2015-12-31,Bank credit NHS PROF 75219,Bank credit NHS PROF 75219,,261.72,1445.48
2015-12-31,Visa purchase,MCDONALDS ST ALBANS GB 0000,11.55,,1433.93
2016-01-04,Direct debit VIRGIN MONEY,VIRGIN MONEY,50.00,,1383.93
2016-01-04,ATM Withdrawal SANTANDER,ATM Withdrawal SANTANDER,90.00,,1293.93
2016-01-04,Visa purchase,ARGOS LTD HEMEL HEMPSTE GB 0000,4.99,,1288.94
2016-01-04,Visa purchase,ASDA STORES LTD HEMEL HEMPSTE GB 0000,16.53,,1272.41
2016-01-04,Visa purchase,Amazon Digital Video amazon.co.uk/ LU 0000,5.99,,1266.42
2016-01-04,Visa purchase,MCDONALDS HEMEL HEMPSTE GB 0000,8.36,,1258.06
2016-01-05,Visa purchase,Amazon UK Retail AMAZON.CO.UK LU 0000,4.99,,1253.07
2016-01-05,Visa purchase,ASDA STORES LTD HEMEL HEMPSTE GB 0000,23.03,,1230.04
2016-01-06,Visa purchase,Amazon UK Retail AMAZON.CO.UK LU 0000,6.99,,1223.05
2016-01-07,Visa purchase,Amazon UK Marketplace 800-279-6620 LU 0000,9.95,,1213.10
2016-01-07,Visa purchase,Amazon UK Marketplace 800-279-6620 LU 0000,11.48,,1201.62
2016-01-08,Bank credit NHS PROF 75219,Bank credit NHS PROF 75219,,136.63,1338.25
2016-01-08,Visa purchase,ASDA STORES LTD HEMEL HEMPSTE GB 0000,11.74,,1326.51
2016-01-09,Visa purchase MICROSOFT *XBOXLIVE,MICROSOFT *XBOXLIVE 0800 587 1102 IE 0000,14.99,,1311.52
2016-01-09,Visa purchase,Amazon UK Marketplace 800-279-6620 LU 0000,16.95,,1294.57
2016-01-11,Visa purchase,ASDA STORES LTD HEMEL HEMPSTE GB 0000,17.19,,1277.38
2016-01-11,Visa purchase,EMPIRECINEMAS.CO.U 0844 8846740 GB 0000,47.10,,1230.28
2016-01-11,Visa purchase SPOTIFY SPOTIFY PREMIU,SPOTIFY SPOTIFY PREMIU LONDON GB 0000,9.99,,1220.29
2016-01-12,Visa Credit,EMPIRE CINEMAS HEMEL HEMPSTE GB,,16.00,1236.29
2016-01-14,Direct debit VIRGIN MEDIA PYMTS,VIRGIN MEDIA PYMTS,38.99,,1197.30
2016-01-14,Contactless Payment,DELIMARCHE ST ALBANS GB 0000,2.80,,1194.50
2016-01-14,Visa purchase,ASDA STORES LTD HEMEL HEMPSTE GB 0000,15.33,,1179.17
2016-01-15,Bank credit NHS PROF 75219,Bank credit NHS PROF 75219,,221.13,1400.30
2016-01-15,Visa purchase,ASDA STORES LTD HEMEL HEMPSTE GB 0000,1.99,,1398.31
2016-01-15,Contactless Payment,DELIMARCHE ST ALBANS GB 0000,2.80,,1395.51
2016-01-16,Contactless Payment,DELIMARCHE ST ALBANS GB 0000,3.85,,1391.66
2016-01-16,Contactless Payment,ALDI 775 88 HEMEL HEMPSTE GB 0000,10.08,,1381.58
2016-01-18,Payment to,PAUL ROSE,8.00,,1373.58
2016-01-18,Payment to,PAUL ROSE,8.00,,1365.58
2016-01-18,Direct debit EE & T-MOBILE,EE & T-MOBILE,28.38,,1337.20
2016-01-18,Visa purchase,EMPIRE CINEMAS HEMEL HEMPSTE GB 0000,4.35,,1332.85
2016-01-18,Visa purchase,NANDOS HEMEL HEMPSTEAD HEMEL HEMPSTE GB 0000,7.52,,1325.33
2016-01-18,Visa purchase,EMPIRE CINEMAS HEMEL HEMPSTE GB 0000,6.80,,1318.53
2016-01-20,Contactless Payment,Centre Car Park Hemel Hempste GB 0000,1.50,,1317.03
2016-01-20,Contactless Payment,DELIMARCHE ST ALBANS GB 0000,2.80,,1314.23
2016-01-20,Visa purchase,T K MAXX HEMEL HEMSTEA GB 0000,30.04,,1284.19
2016-01-21,Contactless Payment,DELIMARCHE ST ALBANS GB 0000,3.65,,1280.54
2016-01-21,Visa purchase,ASDA STORES LTD HEMEL HEMPSTE GB 0000,10.03,,1270.51
2016-01-22,Bank credit NHS PROF 75219,Bank credit NHS PROF 75219,,300.13,1570.64
2016-01-22,Contactless Payment,DELIMARCHE ST ALBANS GB 0000,2.80,,1567.84
2016-01-23,Contactless Payment,DELIMARCHE ST ALBANS GB 0000,2.10,,1565.74
2016-01-23,Visa purchase NETFLIX.COM,NETFLIX.COM 0800 096 6380 NL 0000,5.99,,1559.75
2016-01-23,Visa purchase,SHELL DACORUM HEMEL HEMPSTE GB 0000,10.01,,1549.74
2016-01-25,Visa purchase,SAINSBURY'S S/MKT APSLEY MILLS GB 0000,52.21,,1497.53
2016-01-28,Contactless Payment,DELIMARCHE ST ALBANS GB 0000,2.80,,1494.73
2016-01-28,Visa purchase,ASDA STORES LTD HEMEL HEMPSTE GB 0000,8.46,,1486.27
2016-01-29,Bank credit NHS PROF 75219,Bank credit NHS PROF 75219,,263.28,1749.55
2016-01-29,Direct debit SPECSAVERS FINANCE,SPECSAVERS FINANCE,13.00,,1736.55
2016-01-29,Contactless Payment,DELIMARCHE ST ALBANS GB 0000,2.80,,1733.75
2016-01-29,Visa purchase,ASDA STORES LTD HEMEL HEMPSTE GB 0000,10.81,,1722.94
2016-02-01,Direct debit VIRGIN MONEY,VIRGIN MONEY,50.00,,1672.94
2016-02-02,Contactless Payment,DELIMARCHE ST ALBANS GB 0000,2.80,,1670.14
2016-02-02,Visa purchase,ASDA STORES LTD HEMEL HEMPSTE GB 0000,7.66,,1662.48
2016-02-03,ATM Withdrawal RBS,ATM Withdrawal RBS,70.00,,1592.48
2016-02-03,Contactless Payment,DELIMARCHE ST ALBANS GB 0000,1.50,,1590.98
2016-02-03,Contactless Payment,DELIMARCHE ST ALBANS GB 0000,2.80,,1588.18
2016-02-04,Contactless Payment,DELIMARCHE ST ALBANS GB 0000,2.80,,1585.38
2016-02-04,Visa purchase,Amazon UK Marketplace 800-279-6620 LU 0000,4.24,,1581.14
2016-02-04,Visa purchase,Amazon UK Retail AMAZON.CO.UK LU 0000,9.99,,1571.15
2016-02-04,Visa purchase,Amazon UK Retail AMAZON.CO.UK LU 0000,14.99,,1556.16
2016-02-05,Bank credit NHS PROF 75219,Bank credit NHS PROF 75219,,257.98,1814.14
2016-02-05,Contactless Payment,DELIMARCHE ST ALBANS GB 0000,2.80,,1811.34
2016-02-05,Visa purchase,ASDA STORES LTD HEMEL HEMPSTE GB 0000,12.65,,1798.69
2016-02-06,Contactless Payment,DELIMARCHE ST ALBANS GB 0000,3.20,,1795.49
2016-02-06,Visa purchase,Amazon UK Marketplace 800-279-6620 LU 0000,9.95,,1785.54
2016-02-06,Visa purchase,Amazon UK Retail AMAZON.CO.UK LU 0000,28.43,,1757.11
2016-02-09,Contactless Payment,DELIMARCHE ST ALBANS GB 0000,2.80,,1754.31
2016-02-09,Visa purchase,MARKS & SPENCER HEMEL HEMP GB 0000,9.50,,1744.81
2016-02-09,Visa purchase,TESCO STORES 6446 HEMEL HEMPSTE GB 0000,10.25,,1734.56
2016-02-10,Contactless Payment,DELIMARCHE ST ALBANS GB 0000,2.70,,1731.86
2016-02-11,Contactless Payment,DELIMARCHE ST ALBANS GB 0000,2.80,,1729.06
2016-02-12,Bank credit NHS PROF 75219,Bank credit NHS PROF 75219,,300.17,2029.23
2016-02-12,Contactless Payment,DELIMARCHE ST ALBANS GB 0000,2.49,,2026.74
2016-02-12,Contactless Payment,DELIMARCHE ST ALBANS GB 0000,2.80,,2023.94
2016-02-12,Visa purchase,ASDA STORES LTD HEMEL HEMPSTE GB 0000,12.14,,2011.80
2016-02-13,Contactless Payment,DELIMARCHE ST ALBANS GB 0000,2.80,,2009.00
2016-02-15,Direct debit VIRGIN MEDIA PYMTS,VIRGIN MEDIA PYMTS,38.99,,1970.01
2016-02-15,Visa purchase,Amazon UK Marketplace 800-279-6620 LU 0000,5.20,,1964.81
2016-02-15,Visa purchase,Amazon UK Retail AMAZON.CO.UK LU 0000,5.99,,1958.82
2016-02-15,Visa purchase,Amazon UK Marketplace 800-279-6620 LU 0000,10.54,,1948.28
2016-02-15,Visa purchase,Amazon UK Marketplace 800-279-6620 LU 0000,2.74,,1945.54
2016-02-15,Visa purchase,EMPIRE CINEMAS HEMEL HEMPSTE GB 0000,7.30,,1938.24
2016-02-16,Contactless Payment,DELIMARCHE ST ALBANS GB 0000,2.80,,1935.44
2016-02-16,Visa purchase,ALDI 775 88 HEMEL HEMPSTE GB 0000,5.23,,1930.21
2016-02-16,Visa purchase,Amazon UK Retail AMAZON.CO.UK LU 0000,117.51,,1812.70
2016-02-17,Direct debit EE & T-MOBILE,EE & T-MOBILE,29.03,,1783.67
2016-02-17,Contactless Payment,DELIMARCHE ST ALBANS GB 0000,2.80,,1780.87
2016-02-17,Visa purchase,618561587 1 1 618561587 1 1 CH 0000,115.71,,1665.16
2016-02-18,Visa purchase,DACORUM INTERNET HEMEL HEMPSTE GB 0000,367.19,,1297.97
2016-02-18,Contactless Payment,DELIMARCHE ST ALBANS GB 0000,2.80,,1295.17
2016-02-19,Bank credit NHS PROF 75219,Bank credit NHS PROF 75219,,217.96,1513.13
2016-02-19,Contactless Payment,DELIMARCHE ST ALBANS GB 0000,2.80,,1510.33
2016-02-19,Contactless Payment,MARKS & SPENCER HEMEL HEMP GB 0000,11.35,,1498.98
2016-02-19,Visa purchase,MARKS & SPENCER HEMEL HEMP GB 0000,29.55,,1469.43
2016-02-20,ATM Withdrawal LINK,ATM Withdrawal LINK,30.00,,1439.43
2016-02-20,Contactless Payment,DELIMARCHE ST ALBANS GB 0000,2.80,,1436.63
2016-02-20,Visa purchase,GOOGLE *Glitch Games GOOGLE.COM/CH GB 0000,3.15,,1433.48
2016-02-20,Contactless Payment,ALDI 775 88 HEMEL HEMPSTE GB 0000,28.53,,1404.95
2016-02-22,Visa Credit,MARKS & SPENCER HEMEL HEMP GB,,29.50,1434.45
2016-02-22,Visa purchase,M&S E COMMERCE ..... GB 0000,15.60,,1418.85
2016-02-22,Contactless Payment,WAITROSE 223 BERKHAMSTED GB 0000,22.04,,1396.81
2016-02-22,Visa purchase,M&S E COMMERCE ..... GB 0000,22.50,,1374.31
2016-02-22,Visa purchase,GOOGLE *SnoreLab GOOGLE.COM/CH GB 0000,3.00,,1371.31
2016-02-22,Visa purchase,GOOGLE *Glitch Games GOOGLE.COM/CH GB 0000,4.79,,1366.52
2016-02-22,Visa purchase,ASDA STORES LTD HEMEL HEMPSTE GB 0000,9.62,,1356.90
2016-02-23,Visa purchase NETFLIX.COM,NETFLIX.COM 0800 096 6380 NL 0000,5.99,,1350.91
2016-02-23,Visa purchase,Amazon UK Retail AMAZON.CO.UK LU 0000,16.98,,1333.93
2016-02-26,Bank credit NHS PROF 75219,Bank credit NHS PROF 75219,,287.65,1621.58
2016-02-26,Visa purchase,BESTSNUS.COM STOCKHOLM SE 36.900000 EUR at 1.26111 0000,29.26,,1592.32
2016-02-26,Non-Sterling transaction fee,Non-Sterling transaction fee,0.59,,1591.73
2016-02-26,Visa purchase,ASDA STORES LTD HEMEL HEMPSTE GB 0000,8.71,,1583.02
2016-02-27,Contactless Payment,DELIMARCHE ST ALBANS GB 0000,3.85,,1579.17
2016-02-29,Direct debit SPECSAVERS FINANCE,SPECSAVERS FINANCE,13.00,,1566.17
2016-02-29,Visa Credit,Amazon UK Retail AMAZON.CO.UK LU,,169.95,1736.12
2016-02-29,Contactless Payment,TESCO STORES 3343 WARNERS END GB 0000,13.20,,1722.92
2016-02-29,Visa purchase,Amazon UK Retail AMAZON.CO.UK LU 0000,169.95,,1552.97
2016-02-29,Visa purchase,Amazon UK Marketplace 800-279-6620 LU 0000,185.00,,1367.97
2016-03-01,Direct debit VIRGIN MONEY,VIRGIN MONEY,50.00,,1317.97
2016-03-01,Visa purchase,DELIMARCHE ST ALBANS GB 0000,2.80,,1315.17
2016-03-01,Visa purchase,Amazon UK Marketplace 800-279-6620 LU 0000,5.29,,1309.88
2016-03-01,Visa purchase,ASDA STORES LTD HEMEL HEMPSTE GB 0000,7.52,,1302.36
2016-03-01,Visa purchase,Amazon UK Retail AMAZON.CO.UK LU 0000,18.95,,1283.41
2016-03-02,ATM Withdrawal RBS,ATM Withdrawal RBS,5.00,,1278.41
2016-03-02,Contactless Payment,DELIMARCHE ST ALBANS GB 0000,2.80,,1275.61
2016-03-02,Visa purchase,CLINTONS 194 HEMEL HEMPSTE GB 0000,3.05,,1272.56
2016-03-02,Contactless Payment,CEX HEMEL HEMPSTEAD HEMEL HEMPSTE GB 0000,25.00,,1247.56
2016-03-03,Contactless Payment,DELIMARCHE ST ALBANS GB 0000,2.80,,1244.76
2016-03-03,Visa purchase,ASDA STORES LTD HEMEL HEMPSTE GB 0000,16.83,,1227.93
2016-03-04,Bank credit NHS PROF 75219,Bank credit NHS PROF 75219,,229.59,1457.52
2016-03-04,ATM Withdrawal RBS,ATM Withdrawal RBS,10.00,,1447.52
2016-03-04,Contactless Payment,DELIMARCHE ST ALBANS GB 0000,2.80,,1444.72
2016-03-05,Visa purchase,NEW AKASH BERKHAMSTED GB 0000,30.00,,1414.72
2016-03-07,Visa purchase,FRANKIE & BENNYS WATFORD GB 0000,40.00,,1374.72
2016-03-07,Visa purchase,Amazon UK Retail AMAZON.CO.UK LU 0000,19.95,,1354.77
2016-03-08,Visa purchase,Amazon UK Retail AMAZON.CO.UK LU 0000,4.89,,1349.88
2016-03-08,Visa purchase,Amazon UK Marketplace 800-279-6620 LU 0000,6.74,,1343.14
2016-03-08,Visa purchase,Amazon UK Retail AMAZON.CO.UK LU 0000,9.99,,1333.15
2016-03-08,Visa purchase,ASDA STORES LTD HEMEL HEMPSTE GB 0000,12.51,,1320.64
2016-03-08,Visa purchase,Amazon Digital Video amazon.co.uk/ LU 0000,19.99,,1300.65
2016-03-08,Visa purchase,Amazon UK Marketplace 800-279-6620 LU 0000,24.99,,1275.66
2016-03-09,Contactless Payment,DELIMARCHE ST ALBANS GB 0000,2.80,,1272.86
2016-03-09,Payment to,LAURA STIVEY,5.00,,1267.86
2016-03-10,Contactless Payment,DELIMARCHE ST ALBANS GB 0000,2.80,,1265.06
2016-03-10,Visa purchase,Amazon UK Marketplace 800-279-6620 LU 0000,5.89,,1259.17
2016-03-10,Visa purchase,Amazon UK Marketplace 800-279-6620 LU 0000,9.99,,1249.18
2016-03-10,Visa purchase,POST OFFICE COUNTER HEMEL HEMPSTE GB 0000,41.76,,1207.42
2016-03-11,Bank credit NHS PROF 75219,Bank credit NHS PROF 75219,,335.88,1543.30
2016-03-11,Contactless Payment,DELIMARCHE ST ALBANS GB 0000,2.80,,1540.50
2016-03-11,Visa purchase,Amazon UK Retail AMAZON.CO.UK LU 0000,5.08,,1535.42
2016-03-12,Visa purchase,SHELL REDBOURN 006 ST ALBANS GB 0000,34.21,,1501.21
2016-03-14,ATM Withdrawal LINK,Withdrawal 13 March 2016,10.00,,1491.21
2016-03-14,Direct debit VIRGIN MEDIA PYMTS,VIRGIN MEDIA PYMTS,41.98,,1449.23
2016-03-14,Contactless Payment,RED SQUIRREL BREWING C BERKHAMSTED H GB 0000,2.80,,1446.43
2016-03-14,Contactless Payment,KINGS ARMS HOTEL BERKHAMSTED GB 0000,13.60,,1432.83
2016-03-14,Visa purchase,ARRIVA PASSENGER INTERNET GB 0000,6.10,,1426.73
2016-03-15,Visa purchase,ASDA STORES LTD HEMEL HEMPSTE GB 0000,11.99,,1414.74
2016-03-16,ATM Withdrawal RBS,ATM Withdrawal RBS,10.00,,1404.74
2016-03-16,Contactless Payment,CEX HEMEL HEMPSTEAD HEMEL HEMPSTE GB 0000,15.00,,1389.74
2016-03-17,Direct debit EE & T-MOBILE,EE & T-MOBILE,47.31,,1342.43
2016-03-17,Visa purchase,ARRIVA PASSENGER INTERNET GB 0000,5.49,,1336.94
2016-03-17,Visa purchase,ASDA STORES LTD HEMEL HEMPSTE GB 0000,10.61,,1326.33
2016-03-18,Bank credit NHS PROF 75219,Bank credit NHS PROF 75219,,40.80,1367.13
2016-03-18,Contactless Payment,DELIMARCHE ST ALBANS GB 0000,2.80,,1364.33
2016-03-19,Contactless Payment,DELIMARCHE ST ALBANS GB 0000,2.90,,1361.43
2016-03-19,Contactless Payment,ALDI 775 88 HEMEL HEMPSTE GB 0000,22.67,,1338.76
2016-03-22,Contactless Payment,DELIMARCHE ST ALBANS GB 0000,2.80,,1335.96
2016-03-22,Visa purchase,ASDA STORES LTD HEMEL HEMPSTE GB 0000,7.79,,1328.17
2016-03-23,Contactless Payment,DELIMARCHE ST ALBANS GB 0000,2.80,,1325.37
2016-03-23,Visa purchase NETFLIX.COM,NETFLIX.COM 0800 096 6380 NL 0000,5.99,,1319.38
2016-03-24,Bank credit NHS PROF 75219,Bank credit NHS PROF 75219,,441.57,1760.95
2016-03-24,Contactless Payment,DELIMARCHE ST ALBANS GB 0000,2.80,,1758.15
2016-03-25,Contactless Payment,DELIMARCHE ST ALBANS GB 0000,2.80,,1755.35
2016-03-25,Visa purchase,ARRIVA PASSENGER INTERNET GB 0000,6.10,,1749.25
2016-03-25,Visa purchase,ASDA STORES LTD HEMEL HEMPSTE GB 0000,11.00,,1738.25
2016-03-25,ATM Withdrawal LINK,ATM Withdrawal LINK,30.00,,1708.25
2016-03-28,Visa purchase,BROWNS MILTON KEYNES GB 0000,26.00,,1682.25
2016-03-29,Direct debit SPECSAVERS FINANCE,SPECSAVERS FINANCE,13.00,,1669.25
2016-03-29,ATM Withdrawal LINK,ATM Withdrawal LINK,100.00,,1569.25
2016-03-30,Visa purchase,PRIMARK HEMEL HEMPSTE GB 0000,14.60,,1554.65
2016-03-31,Contactless Payment,ALDI 775 88 HEMEL HEMPSTE GB 0000,5.28,,1549.37
2016-04-01,Bank credit NHS PROF 75219,Bank credit NHS PROF 75219,,222.07,1771.44
2016-04-01,Direct debit VIRGIN MONEY,VIRGIN MONEY,50.00,,1721.44
2016-04-01,Contactless Payment,DELIMARCHE ST ALBANS GB 0000,2.89,,1718.55
2016-04-02,Contactless Payment,DELIMARCHE ST ALBANS GB 0000,2.80,,1715.75
2016-04-02,Visa purchase,Amazon UK Marketplace 800-279-6620 LU 0000,5.48,,1710.27
2016-04-02,ATM Withdrawal LINK,ATM Withdrawal LINK,70.00,,1640.27
2016-04-04,Visa purchase,ASDA STORES LTD HEMEL HEMPSTE GB 0000,5.53,,1634.74
2016-04-04,Visa purchase,ARRIVA PASSENGER INTERNET GB 0000,5.49,,1629.25
2016-04-04,Visa purchase,TESCO STORES 2663 HEMEL HEMPSTE GB 0000,10.60,,1618.65
2016-04-07,Visa purchase,Amazon UK Marketplace 800-279-6620 LU 0000,6.23,,1612.42
2016-04-07,Visa purchase,ASDA STORES LTD HEMEL HEMPSTE GB 0000,11.35,,1601.07
2016-04-08,Contactless Payment,DELIMARCHE ST ALBANS GB 0000,3.75,,1597.32
2016-04-08,Visa purchase,ARRIVA PASSENGER INTERNET GB 0000,5.49,,1591.83
2016-04-11,Contactless Payment,PP*BERKOCRICKETCLUB DUNSTABLE GB 0000,18.70,,1573.13
2016-04-12,Visa purchase,ARRIVA PASSENGER INTERNET GB 0000,5.49,,1567.64
2016-04-12,Contactless Payment,DELIMARCHE ST ALBANS GB 0000,6.24,,1561.40
2016-04-12,Visa purchase,ASDA STORES LTD HEMEL HEMPSTE GB 0000,15.34,,1546.06
2016-04-12,Visa purchase,Amazon UK Marketplace 800-279-6620 LU 0000,19.99,,1526.07
2016-04-12,Visa purchase,Amazon UK Retail AMAZON.CO.UK LU 0000,51.99,,1474.08
2016-04-13,Contactless Payment,DELIMARCHE ST ALBANS GB 0000,4.34,,1469.74
2016-04-13,Visa purchase,Amazon UK Retail AMAZON.CO.UK LU 0000,9.95,,1459.79
2016-04-13,Visa purchase,Amazon UK Retail AMAZON.CO.UK LU 0000,14.81,,1444.98
2016-04-14,Direct debit VIRGIN MEDIA PYMTS,VIRGIN MEDIA PYMTS,41.98,,1403.00
2016-04-14,Contactless Payment,ICELAND HEMEL HEMPSTE GB 0000,4.00,,1399.00
2016-04-14,Visa purchase,Amazon UK Marketplace 800-279-6620 LU 0000,10.00,,1389.00
2016-04-14,Visa purchase,Amazon UK Marketplace 800-279-6620 LU 0000,16.99,,1372.01
2016-04-14,Visa purchase,Amazon UK Retail AMAZON.CO.UK LU 0000,20.00,,1352.01
2016-04-14,Visa purchase,TESCO STORE 2825 LEIGHTON BUZZ GB 0000,41.91,,1310.10
2016-04-15,Contactless Payment,DELIMARCHE ST ALBANS GB 0000,3.39,,1306.71
2016-04-15,Visa purchase,ARRIVA PASSENGER INTERNET GB 0000,5.49,,1301.22
2016-04-15,Visa purchase,ASDA STORES LTD HEMEL HEMPSTE GB 0000,10.40,,1290.82
2016-04-15,Visa purchase,Amazon UK Marketplace 800-279-6620 LU 0000,13.95,,1276.87
2016-04-16,Contactless Payment,DELIMARCHE ST ALBANS GB 0000,0.79,,1276.08
2016-04-18,Direct debit EE & T-MOBILE,EE & T-MOBILE,38.59,,1237.49
2016-04-18,Visa purchase,ASDA STORES LTD HEMEL HEMPSTE GB 0000,6.89,,1230.60
2016-04-18,Visa purchase,PRIMARK HEMEL HEMPSTE GB 0000,24.00,,1206.60
2016-04-19,Contactless Payment,DELIMARCHE ST ALBANS GB 0000,2.89,,1203.71
2016-04-19,Visa purchase,ARRIVA PASSENGER INTERNET GB 0000,5.49,,1198.22
2016-04-19,Visa purchase,ASDA STORES LTD HEMEL HEMPSTE GB 0000,10.79,,1187.43
2016-04-20,Contactless Payment,DELIMARCHE ST ALBANS GB 0000,1.70,,1185.73
2016-04-20,Contactless Payment,DELIMARCHE ST ALBANS GB 0000,2.89,,1182.84
2016-04-22,Bank credit NHS PROF 75219,Bank credit NHS PROF 75219,,710.34,1893.18
2016-04-22,Contactless Payment,DELIMARCHE ST ALBANS GB 0000,3.75,,1889.43
2016-04-22,Visa purchase,ARRIVA PASSENGER INTERNET GB 0000,5.49,,1883.94
2016-04-22,Visa purchase,ASDA STORES LTD HEMEL HEMPSTE GB 0000,7.06,,1876.88
2016-04-22,Contactless Payment,DELIMARCHE ST ALBANS GB 0000,2.89,,1873.99
2016-04-22,Visa purchase,ARRIVA PASSENGER INTERNET GB 0000,5.49,,1868.50
2016-04-22,Visa purchase,ASDA STORES LTD HEMEL HEMPSTE GB 0000,9.69,,1858.81
2016-04-23,Contactless Payment,DELIMARCHE ST ALBANS GB 0000,3.75,,1855.06
2016-04-23,Visa purchase NETFLIX.COM,NETFLIX.COM 0800 096 6380 NL 0000,5.99,,1849.07
2016-04-26,Contactless Payment,DELIMARCHE ST ALBANS GB 0000,2.89,,1846.18
2016-04-26,Visa purchase,ARRIVA PASSENGER INTERNET GB 0000,5.49,,1840.69
2016-04-26,Visa purchase,ASDA STORES LTD HEMEL HEMPSTE GB 0000,19.96,,1820.73
2016-04-27,Contactless Payment,DELIMARCHE ST ALBANS GB 0000,2.89,,1817.84
2016-04-28,Contactless Payment,DELIMARCHE ST ALBANS GB 0000,2.89,,1814.95
2016-04-28,Visa purchase,ASDA STORES LTD HEMEL HEMPSTE GB 0000,17.92,,1797.03
2016-04-29,Bank credit NHS PROF 75219,Bank credit NHS PROF 75219,,216.18,2013.21
2016-04-29,Direct debit SPECSAVERS FINANCE,SPECSAVERS FINANCE,13.00,,2000.21
2016-04-29,Contactless Payment,DELIMARCHE ST ALBANS GB 0000,2.89,,1997.32
2016-04-29,Visa purchase,ARRIVA PASSENGER INTERNET GB 0000,5.49,,1991.83
2016-04-29,Contactless Payment,ICELAND HEMEL HEMPSTE GB 0000,19.05,,1972.78
2016-04-30,Contactless Payment,DELIMARCHE ST ALBANS GB 0000,1.70,,1971.08
2016-04-30,Contactless Payment,DELIMARCHE ST ALBANS GB 0000,2.89,,1968.19
2016-04-30,Contactless Payment,ALDI 775 88 HEMEL HEMPSTE GB 0000,27.24,,1940.95
2016-05-02,Contactless Payment,TESCO STORES 3343 HEMEL HEMPSTE GB 0000,5.90,,1935.05
2016-05-03,Direct debit VIRGIN MONEY,VIRGIN MONEY,50.00,,1885.05
2016-05-03,Visa purchase,ITUNES.COM/BILL ITUNES.COM LU 0000,25.99,,1859.06
2016-05-05,Visa purchase,ARRIVA PASSENGER INTERNET GB,5.49,,1853.57
2016-05-05,Visa purchase,Amazon UK Retail AMAZON.CO.UK LU,6.42,,1847.15
2016-05-05,Visa purchase,ASDA STORES LTD HEMEL HEMPSTE GB,19.80,,1827.35
2016-05-06,Bank credit NHS PROF 75219,Bank credit NHS PROF 75219,,259.02,2086.37
2016-05-06,Visa purchase,ARRIVA PASSENGER INTERNET GB,5.49,,2080.88
2016-05-07,Contactless Payment,DELIMARCHE ST ALBANS GB,3.75,,2077.13
2016-05-07,Contactless Payment,ALDI 775 88 HEMEL HEMPSTE GB,18.03,,2059.10
2016-05-09,Visa purchase,TESCO STORES 2663 HEMEL HEMPSTE GB,1.50,,2057.60
2016-05-09,Contactless Payment,TESCO STORES 3343 WARNERS END GB,4.47,,2053.13
2016-05-09,Visa purchase,Amazon UK Retail AMAZON.CO.UK LU,11.73,,2041.40
2016-05-09,Visa purchase,ITUNES.COM/BILL ITUNES.COM LU,22.99,,2018.41
2016-05-10,Payment to,PAUL ROSE,15.00,,2003.41
2016-05-10,Contactless Payment,DELIMARCHE ST ALBANS GB,2.89,,2000.52
2016-05-10,Visa purchase,Amazon UK Retail AMAZON.CO.UK LU,42.00,,1958.52
2016-05-11,Contactless Payment,DELIMARCHE ST ALBANS GB,2.89,,1955.63
2016-05-11,Visa purchase,GOOGLE *UDEMY INC g.co/payhelp# GB,15.64,,1939.99
2016-05-12,Contactless Payment,DELIMARCHE ST ALBANS GB,2.89,,1937.10
2016-05-12,Visa purchase,ARRIVA PASSENGER INTERNET GB,5.49,,1931.61
2016-05-12,Visa purchase,ASDA STORES LTD HEMEL HEMPSTE GB,13.12,,1918.49
2016-05-13,Bank credit NHS PROF 75219,Bank credit NHS PROF 75219,,217.90,2136.39
2016-05-13,Visa purchase,ASDA STORES LTD HEMEL HEMPSTE GB,22.84,,2113.55
2016-05-14,ATM Withdrawal LINK,ATM Withdrawal LINK,30.00,,2083.55
2016-05-16,ATM Withdrawal LINK,Withdrawal 14 May 2016,20.00,,2063.55
2016-05-16,Direct debit VIRGIN MEDIA PYMTS,VIRGIN MEDIA PYMTS,44.74,,2018.81
2016-05-16,Visa purchase,ESSO HALL PARK SS HERTFORDSHIRE GB,10.00,,2008.81
2016-05-17,Direct debit EE & T-MOBILE,EE & T-MOBILE,39.39,,1969.42
2016-05-17,Visa purchase,ASDA STORES LTD HEMEL HEMPSTE GB,42.50,,1926.92
2016-05-18,Contactless Payment,DELIMARCHE ST ALBANS GB,2.89,,1924.03
2016-05-19,Contactless Payment,DELIMARCHE ST ALBANS GB,2.89,,1921.14
2016-05-19,Visa purchase,ARRIVA PASSENGER INTERNET GB,6.10,,1915.04
2016-05-19,Visa purchase,ASDA STORES LTD HEMEL HEMPSTE GB,6.32,,1908.72
2016-05-20,Bank credit NHS PROF 75219,Bank credit NHS PROF 75219,,258.51,2167.23
2016-05-20,Contactless Payment,DELIMARCHE ST ALBANS GB,2.89,,2164.34
2016-05-20,Visa purchase,ARRIVA PASSENGER INTERNET GB,6.10,,2158.24
2016-05-20,Visa purchase,ASDA STORES LTD HEMEL HEMPSTE GB,28.47,,2129.77
2016-05-21,Contactless Payment,DELIMARCHE ST ALBANS GB,2.89,,2126.88
2016-05-21,Visa purchase,Amazon UK Marketplace 800-279-6620 LU,20.99,,2105.89
2016-05-23,ATM Withdrawal LINK,Withdrawal 21 May 2016,30.00,,2075.89
2016-05-23,Visa purchase,VERANDAH RESTAURANT BERKHAMSTED GB,22.00,,2053.89
2016-05-23,Visa purchase NETFLIX.COM,NETFLIX.COM 0800 096 6380 NL,7.49,,2046.40
2016-05-23,Visa purchase,TESCO STORES 3343 HEMEL HEMPSTE GB,10.84,,2035.56
2016-05-23,Visa purchase,DATACAMP INC. 4158419347 US 25.000000 USD at 1.45518,17.18,,2018.38
2016-05-24,Contactless Payment,DELIMARCHE ST ALBANS GB,2.89,,2015.49
2016-05-25,Contactless Payment,DELIMARCHE ST ALBANS GB,3.76,,2011.73
2016-05-25,Visa purchase,ARRIVA PASSENGER INTERNET GB,6.10,,2005.63
2016-05-25,Visa purchase,ASDA STORES LTD HEMEL HEMPSTE GB,6.90,,1998.73
2016-05-26,Contactless Payment,DELIMARCHE ST ALBANS GB,3.76,,1994.97
2016-05-26,Visa purchase,ASDA STORES LTD HEMEL HEMPSTE GB,14.25,,1980.72
2016-05-27,Bank credit NHS PROF 75219,Bank credit NHS PROF 75219,,259.36,2240.08
2016-05-27,Visa purchase,ARRIVA PASSENGER INTERNET GB,6.10,,2233.98
2016-05-28,Visa purchase,ALDI 775 88 HEMEL HEMPSTE GB,36.55,,2197.43
2016-05-30,Visa purchase,TESCO STORES 2663 HEMEL HEMPSTE GB,16.48,,2180.95
2016-05-31,Direct debit SPECSAVERS FINANCE,SPECSAVERS FINANCE,13.00,,2167.95
2016-06-01,Direct debit VIRGIN MONEY,VIRGIN MONEY,50.00,,2117.95
2016-06-01,Contactless Payment,ALDI 775 88 HEMEL HEMPSTE GB,14.30,,2103.65
2016-06-02,Contactless Payment,DELIMARCHE ST ALBANS GB,2.89,,2100.76
2016-06-02,Visa purchase,ARRIVA PASSENGER INTERNET GB,6.10,,2094.66
2016-06-02,Visa purchase,ASDA STORES LTD HEMEL HEMPSTE GB,14.34,,2080.32
2016-06-03,Bank credit NHS PROF 75219,Bank credit NHS PROF 75219,,261.60,2341.92
2016-06-03,Visa purchase,ARRIVA PASSENGER INTERNET GB,6.10,,2335.82
2016-06-03,Visa purchase,ASDA STORES LTD HEMEL HEMPSTE GB,8.25,,2327.57
2016-06-06,Visa purchase,TESCO PAYAT PUMP 3719 H HEMPSTEAD GB,10.13,,2317.44
2016-06-06,Visa purchase,TESCO STORES 2663 HEMEL HEMPSTE GB,41.04,,2276.40
2016-06-06,Contactless Payment,TESCO STORES 3343 HEMEL HEMPSTE GB,6.50,,2269.90
2016-06-08,Visa purchase,ASDA STORES LTD HEMEL HEMPSTE GB,13.33,,2256.57
2016-06-10,Bank credit NHS PROF 75219,Bank credit NHS PROF 75219,,211.92,2468.49
2016-06-11,Contactless Payment,DELIMARCHE ST ALBANS GB,2.79,,2465.70
2016-06-11,Visa purchase,Amazon UK Marketplace 800-279-6620 LU,5.45,,2460.25
2016-06-13,Contactless Payment,TESCO STORES 3343 HEMEL HEMPSTE GB,8.89,,2451.36
2016-06-13,Contactless Payment,TESCO STORES 3343 HEMEL HEMPSTE GB,15.33,,2436.03
2016-06-17,Bank credit NHS PROF 75219,Bank credit NHS PROF 75219,,261.11,2697.14
2016-06-17,Direct debit EE & T-MOBILE,EE & T-MOBILE,36.19,,2660.95
2016-06-17,Visa purchase,ASDA STORES LTD HEMEL HEMPSTE GB,16.25,,2644.70
2016-06-20,Visa purchase,TESCO STORES 2663 HEMEL HEMPSTE GB,25.38,,2619.32
2016-06-20,Visa purchase,ASH NEWSAGENTS 01442255575 GB,4.25,,2615.07
2016-06-20,Contactless Payment,TESCO STORES 3343 WARNERS END GB,8.66,,2606.41
2016-06-21,Contactless Payment,DELIMARCHE ST ALBANS GB,2.89,,2603.52
2016-06-22,Visa purchase NETFLIX.COM,NETFLIX.COM 866-716-0414 NL,7.49,,2596.03
2016-06-23,Contactless Payment,DELIMARCHE ST ALBANS GB,2.89,,2593.14
2016-06-23,Contactless Payment,ALDI 775 88 HEMEL HEMPSTE GB,17.92,,2575.22
2016-06-24,Bank credit NHS PROF 75219,Bank credit NHS PROF 75219,,257.73,2832.95
2016-06-24,Visa purchase,BESTSNUS.COM STOCKHOLM SE 38.390000 EUR at 1.29565,29.63,,2803.32
2016-06-24,Non-Sterling transaction fee,Non-Sterling transaction fee,0.59,,2802.73
2016-06-24,Contactless Payment,DELIMARCHE ST ALBANS GB,3.15,,2799.58
2016-06-25,ATM Withdrawal LINK Inc charge from ATM Owner 1.650000,ATM Withdrawal LINK Inc charge from ATM Owner 1.650000,51.65,,2747.93
2016-06-25,Contactless Payment,DELIMARCHE ST ALBANS GB,2.00,,2745.93
2016-06-27,Visa purchase,TESCO STORES 2663 HEMEL HEMPSTE GB,33.19,,2712.74
2016-06-29,Direct debit SPECSAVERS FINANCE,SPECSAVERS FINANCE,13.00,,2699.74
2016-06-29,Contactless Payment,MCDONALDS HEMEL HEMPSTE GB,9.96,,2689.78
2016-06-29,Visa purchase,TESCO STORES 2663 HEMEL HEMPSTE GB,22.84,,2666.94
2016-07-01,Bank credit NHS PROF 75219,Bank credit NHS PROF 75219,,264.76,2931.70
2016-07-01,Direct debit VIRGIN MONEY,VIRGIN MONEY,50.00,,2881.70
2016-07-01,Contactless Payment,TESCO STORES 3343 HEMEL HEMPSTE GB,9.24,,2872.46
2016-07-01,Visa purchase,TESCO STORES 2663 HEMEL HEMPSTE GB,21.95,,2850.51
2016-07-01,Visa purchase,EMPIRECINEMAS.CO.U 0844 8846740 GB,25.90,,2824.61
2016-07-02,Contactless Payment,TESCO STORES 3343 WARNERS END GB,18.32,,2806.29
2016-07-04,Contactless Payment,TESCO STORES-2089 BERKHAMSTED GB,6.90,,2799.39
2016-07-04,Visa purchase,TESCO STORES 2663 HEMEL HEMPSTE GB,15.72,,2783.67
2016-07-04,Visa purchase,TESCO PFS 3719 H HEMPSTEAD GB,40.27,,2743.40
2016-07-05,Visa purchase,Amazon UK Retail AMAZON.CO.UK LU,4.49,,2738.91
2016-07-06,Contactless Payment,TESCO STORES 3343 WARNERS END GB,18.35,,2720.56
2016-07-07,Visa purchase,Amazon UK Marketplace 800-279-6620 LU,6.90,,2713.66
2016-07-07,Visa purchase,Amazon UK Marketplace 800-279-6620 LU,7.29,,2706.37
2016-07-07,Visa purchase,Amazon UK Marketplace 800-279-6620 LU,49.34,,2657.03
2016-07-08,Bank credit NHS PROF 75219,Bank credit NHS PROF 75219,,186.62,2843.65
2016-07-08,Visa purchase,VILLAGE STORE BERKHAMSTED GB,9.29,,2834.36
2016-07-09,Contactless Payment,TESCO STORES 3343 HEMEL HEMPSTE GB,12.85,,2821.51
2016-07-11,ATM Withdrawal LINK,ATM Withdrawal LINK,130.00,,2691.51
2016-07-11,Visa purchase,TESCO STORES 2663 HEMEL HEMPSTE GB,14.74,,2676.77
2016-07-12,Visa purchase,ASDA STORES LTD HEMEL HEMPSTE GB,15.95,,2660.82
2016-07-14,Visa purchase,Amazon UK Marketplace 800-279-6620 LU,1.94,,2658.88
2016-07-15,Bank credit NHS PROF 75219,Bank credit NHS PROF 75219,,414.90,3073.78
2016-07-15,Visa purchase,ASDA STORES LTD HEMEL HEMPSTE GB,11.05,,3062.73
2016-07-16,Contactless Payment,DELIMARCHE ST ALBANS GB,2.80,,3059.93
2016-07-16,Visa purchase,Amazon UK Marketplace 800-279-6620 LU,189.99,,2869.94
2016-07-16,ATM Withdrawal LINK,ATM Withdrawal LINK,30.00,,2839.94
2016-07-18,Direct debit EE & T-MOBILE,EE & T-MOBILE,38.59,,2801.35
2016-07-18,Contactless Payment,TESCO STORE 2089 BERKHAMSTED GB,14.93,,2786.42
2016-07-18,Visa purchase,PIZZA EXPRESS BERKHAMSTED 1 GB,23.66,,2762.76
2016-07-18,Visa purchase,Amazon UK Marketplace 800-279-6620 LU,3.08,,2759.68
2016-07-18,Contactless Payment,TESCO STORES 3343 HEMEL HEMPSTE GB,6.75,,2752.93
2016-07-19,Visa purchase,Amazon UK Marketplace 800-279-6620 LU,5.99,,2746.94
2016-07-19,Visa purchase,Amazon UK Marketplace 800-279-6620 LU,7.99,,2738.95
2016-07-19,Visa purchase,Amazon UK Marketplace 800-279-6620 LU,242.99,,2495.96
2016-07-21,Visa purchase,ASDA STORES LTD HEMEL HEMPSTE GB,32.78,,2463.18
2016-07-22,Bank credit NHS PROF 75219,Bank credit NHS PROF 75219,,185.43,2648.61
2016-07-22,Contactless Payment,DELIMARCHE ST ALBANS GB,2.65,,2645.96
2016-07-23,Contactless Payment,DELIMARCHE ST ALBANS GB,2.90,,2643.06
2016-07-23,Visa purchase NETFLIX.COM,NETFLIX.COM 866-716-0414 NL,7.49,,2635.57
2016-07-25,Contactless Payment,TESCO STORES 3343 HEMEL HEMPSTE GB,15.49,,2620.08
2016-07-26,Contactless Payment,DELIMARCHE ST ALBANS GB,1.70,,2618.38
2016-07-26,Contactless Payment,DELIMARCHE ST ALBANS GB,2.80,,2615.58
2016-07-26,Contactless Payment,SHELL REDBOURN 006 ST ALBANS GB,20.01,,2595.57
2016-07-27,Contactless Payment,DELIMARCHE ST ALBANS GB,2.00,,2593.57
2016-07-27,Contactless Payment,ALDI 775 88 HEMEL HEMPSTE GB,9.71,,2583.86
2016-07-28,Contactless Payment,DELIMARCHE ST ALBANS GB,2.80,,2581.06
2016-07-29,Bank credit NHS PROF 75219,Bank credit NHS PROF 75219,,345.26,2926.32
2016-07-29,Direct debit SPECSAVERS FINANCE,SPECSAVERS FINANCE,13.00,,2913.32
2016-07-29,Contactless Payment,DELIMARCHE ST ALBANS GB,2.65,,2910.67
2016-07-29,Visa purchase,Amazon UK Marketplace 800-279-6620 LU,6.50,,2904.17
2016-07-29,Visa purchase,FUNKYPIGEON.COM SWINDON GB,6.98,,2897.19
2016-07-29,Visa purchase,Amazon UK Marketplace 800-279-6620 LU,24.94,,2872.25
2016-07-29,Visa purchase,CO-OP GROUP 180253 Long Chaulden GB,31.96,,2840.29
2016-07-30,Contactless Payment,DELIMARCHE ST ALBANS GB,2.00,,2838.29
2016-08-01,Direct debit VIRGIN MONEY,VIRGIN MONEY,50.00,,2788.29
2016-08-01,Visa purchase,WAITROSE 223 BERKHAMSTED GB,10.42,,2777.87
2016-08-01,Visa purchase,Amazon UK Marketplace 800-279-6620 LU,14.22,,2763.65
2016-08-02,Bank credit A Ginger,Credit 01 August 2016,,35.00,2798.65
2016-08-02,Visa purchase,Amazon UK Marketplace 800-279-6620 LU,17.98,,2780.67
2016-08-03,Contactless Payment,DELIMARCHE ST ALBANS GB,2.80,,2777.87
2016-08-03,Visa purchase,Amazon UK Marketplace 800-279-6620 LU,16.99,,2760.88
2016-08-04,ATM Withdrawal LINK,ATM Withdrawal LINK,10.00,,2750.88
2016-08-05,Bank credit NHS PROF 75219,Bank credit NHS PROF 75219,,347.04,3097.92
2016-08-05,Visa Credit,Amazon UK Marketplace 800-279-6620 LU,,189.99,3287.91
2016-08-05,Contactless Payment,BOOTS 0739 HEMEL HEMPSTE GB,9.85,,3278.06
2016-08-05,Contactless Payment,TESCO STORES 6446 HEMEL HEMPSTE GB,13.29,,3264.77
2016-08-05,Visa purchase,NEXT 0415 HEMEL HEMP H H/STEAD GB,15.05,,3249.72
2016-08-06,Visa purchase,T K MAXX HEMEL HEMSTEA GB,16.99,,3232.73
2016-08-06,Contactless Payment,DELIMARCHE ST ALBANS GB,2.00,,3230.73
2016-08-08,ATM Withdrawal LINK,Withdrawal 07 August 2016,60.00,,3170.73
2016-08-08,Contactless Payment,WM MORRISON PLC BRIGHTON GB,16.85,,3153.88
2016-08-08,Contactless Payment,TESCO STORES 3343 HEMEL HEMPSTE GB,11.73,,3142.15
2016-08-08,Visa purchase,CORNER CAFE BRIGHTON BN2 GB,14.00,,3128.15
2016-08-09,Payment to,PAUL ROSE,19.50,,3108.65
2016-08-09,Visa purchase,ASDA STORES LTD HEMEL HEMPSTE GB,7.06,,3101.59
2016-08-10,Contactless Payment,DELIMARCHE ST ALBANS GB,3.59,,3098.00
2016-08-10,Contactless Payment,ALDI 775 88 HEMEL HEMPSTE GB,9.31,,3088.69
2016-08-11,ATM Withdrawal LINK,ATM Withdrawal LINK,10.00,,3078.69
2016-08-11,Visa purchase,ASDA STORES LTD HEMEL HEMPSTE GB,11.66,,3067.03
2016-08-12,Bank credit NHS PROF 75219,Bank credit NHS PROF 75219,,307.62,3374.65
2016-08-12,Visa purchase,ASDA STORES LTD HEMEL HEMPSTE GB,14.06,,3360.59
2016-08-15,Contactless Payment,THE PLOUGH BERKHAMSTED GB,7.90,,3352.69
2016-08-15,Visa purchase GOOGLE *Tinder,GOOGLE *Tinder g.co/payhelp# GB,3.10,,3349.59
2016-08-15,Contactless Payment,TESCO STORES 3343 HEMEL HEMPSTE GB,14.07,,3335.52
2016-08-15,Visa purchase,SHELL DACORUM HEMEL HEMPSTE GB,30.00,,3305.52
2016-08-16,Visa purchase,Amazon UK Marketplace 800-279-6620 LU,7.95,,3297.57
2016-08-16,Visa purchase,Amazon UK Retail AMAZON.CO.UK LU,34.99,,3262.58
2016-08-17,Direct debit EE & T-MOBILE,EE & T-MOBILE,39.79,,3222.79
2016-08-17,ATM Withdrawal LINK,ATM Withdrawal LINK,10.00,,3212.79
2016-08-17,Visa purchase,AMAZON UK RETAIL AMAZON.C AMAZON.CO.UK LU,8.97,,3203.82
2016-08-17,Contactless Payment,DELIMARCHE ST ALBANS GB,2.80,,3201.02
2016-08-17,Visa purchase,Amazon UK Retail AMAZON.CO.UK LU,4.99,,3196.03
2016-08-17,Visa purchase,Amazon UK Retail AMAZON.CO.UK LU,5.99,,3190.04
2016-08-17,Visa purchase,MARKS&SPENCER PLC INTERNET GB,8.00,,3182.04
2016-08-17,Visa purchase,ASDA STORES LTD HEMEL HEMPSTE GB,18.47,,3163.57
2016-08-17,Visa purchase,T K MAXX HEMEL HEMSTEA GB,42.03,,3121.54
2016-08-17,ATM Withdrawal LINK,ATM Withdrawal LINK,10.00,,3111.54
2016-08-18,Contactless Payment,DELIMARCHE ST ALBANS GB,2.80,,3108.74
2016-08-19,Bank credit NHS PROF 75219,Bank credit NHS PROF 75219,,262.99,3371.73
2016-08-19,Visa purchase,ASDA STORES LTD HEMEL HEMPSTE GB,20.71,,3351.02
2016-08-20,Contactless Payment,DELIMARCHE ST ALBANS GB,0.85,,3350.17
2016-08-22,ATM Withdrawal LINK,Withdrawal 20 August 2016,30.00,,3320.17
2016-08-22,Visa purchase,CINEWORLD CINEMAS HEMEL HEMPSTE GB,5.95,,3314.22
2016-08-22,Contactless Payment,THE PLOUGH BERKHAMSTED GB,7.90,,3306.32
2016-08-22,Contactless Payment,THE GOAT BERKHAMSTED GB,10.00,,3296.32
2016-08-22,Visa purchase NETFLIX.COM,NETFLIX.COM 866-716-0414 NL,7.49,,3288.83
2016-08-23,Contactless Payment,TESCO-STORES-6207 ST ALBANS GB,7.61,,3281.22
2016-08-24,Contactless Payment,ICELAND HEMEL HEMPSTE GB,14.50,,3266.72
2016-08-25,ATM Withdrawal NAT WEST,ATM Withdrawal NAT WEST,30.00,,3236.72
2016-08-25,Contactless Payment,MARKS&SPENCER PLC SACA ST ALBANS GB,2.80,,3233.92
2016-08-26,Bank credit NHS PROF 75219,Bank credit NHS PROF 75219,,257.94,3491.86
2016-08-26,Visa purchase,MARKS&SPENCER PLC SACA ST ALBANS GB,2.80,,3489.06
2016-08-26,Visa purchase,WATERSTONES ST ALBANS GB,31.05,,3458.01
2016-08-27,Contactless Payment,ICELAND HEMEL HEMPSTE GB,13.00,,3445.01
2016-08-27,Visa purchase,ASDA STORES LTD HEMEL HEMPSTE GB,15.31,,3429.70
2016-08-30,Direct debit SPECSAVERS FINANCE,SPECSAVERS FINANCE,13.00,,3416.70
2016-08-30,ATM Withdrawal HSBC,ATM Withdrawal HSBC,30.00,,3386.70
2016-08-31,Visa purchase,PLAYSTATIONNETWORK INTERNET GB,1.69,,3385.01
2016-08-31,Visa purchase,PLAYSTATIONNETWORK INTERNET GB,15.99,,3369.02
2016-08-31,Visa purchase,ASDA STORES LTD HEMEL HEMPSTE GB,16.06,,3352.96
2016-09-01,Direct debit VIRGIN MONEY,VIRGIN MONEY,50.00,,3302.96
2016-09-01,Contactless Payment,TESCO-STORES 6207 ST ALBANS GB,5.08,,3297.88
2016-09-02,Bank credit NHS PROF 75219,Bank credit NHS PROF 75219,,228.29,3526.17
2016-09-02,Visa purchase,ASDA STORES LTD HEMEL HEMPSTE GB,21.48,,3504.69
2016-09-03,Visa purchase,REDBUBBLECOM 8778877815 GB,21.11,,3483.58
2016-09-03,Visa purchase,VILLAGE STORE BERKHAMSTED GB,6.85,,3476.73
2016-09-03,Contactless Payment,TESCO STORES 3343 WARNERS END GB,12.90,,3463.83
2016-09-05,Visa purchase,VILLAGE STORE BERKHAMSTED GB,10.49,,3453.34
2016-09-05,Visa purchase,TESCO STORES 2663 HEMEL HEMPSTE GB,33.10,,3420.24
2016-09-05,Contactless Payment,TESCO STORES 3343 HEMEL HEMPSTE GB,8.10,,3412.14
2016-09-06,Contactless Payment,DELIMARCHE ST ALBANS GB,2.80,,3409.34
2016-09-07,ATM Withdrawal LINK,ATM Withdrawal LINK,10.00,,3399.34
2016-09-07,Contactless Payment,DELIMARCHE ST ALBANS GB,1.49,,3397.85
2016-09-07,Contactless Payment,DELIMARCHE ST ALBANS GB,2.65,,3395.20
2016-09-08,Visa purchase,ASDA STORES LTD HEMEL HEMPSTE GB,38.29,,3356.91
2016-09-09,Bank credit NHS PROF 75219,Bank credit NHS PROF 75219,,42.40,3399.31
2016-09-09,Visa purchase,ASDA STORES LTD HEMEL HEMPSTE GB,9.99,,3389.32
2016-09-10,ATM Withdrawal LINK,ATM Withdrawal LINK,50.00,,3339.32
2016-09-12,Visa purchase,WAITROSE 223 BERKHAMSTED GB,32.53,,3306.79
2016-09-12,Visa purchase,VILLAGE STORE BERKHAMSTED GB,5.87,,3300.92
2016-09-12,Visa purchase AMAZON UK PRIME AMZN.CO.U,AMAZON UK PRIME AMZN.CO.U AMZN.CO.UK/PM LU,79.00,,3221.92
2016-09-13,Visa purchase,Amazon UK Marketplace 800-279-6620 LU,5.29,,3216.63
2016-09-13,Visa purchase,PLAYSTATIONNETWORK INTERNET GB,39.99,,3176.64
2016-09-14,Contactless Payment,DELIMARCHE ST ALBANS GB,1.49,,3175.15
2016-09-14,Contactless Payment,DELIMARCHE ST ALBANS GB,3.75,,3171.40
2016-09-14,Visa purchase,Amazon UK Retail AMAZON.CO.UK LU,64.99,,3106.41
2016-09-15,Contactless Payment,ICELAND HEMEL HEMPSTE GB,2.00,,3104.41
2016-09-15,Contactless Payment,DELIMARCHE ST ALBANS GB,2.65,,3101.76
2016-09-15,Visa purchase,AMAZON UK RETAIL AMAZON.C AMAZON.CO.UK LU,3.99,,3097.77
2016-09-15,Visa purchase,Amazon UK Marketplace 800-279-6620 LU,7.97,,3089.80
2016-09-15,Visa purchase,ASDA STORES LTD HEMEL HEMPSTE GB,12.40,,3077.40
2016-09-15,Visa purchase,PLAYSTATIONNETWORK INTERNET GB,15.99,,3061.41
2016-09-16,Bank credit NHS PROF 75219,Bank credit NHS PROF 75219,,42.40,3103.81
2016-09-17,Visa purchase,MARTINS POND BERKHAMPSTEAD GB,5.00,,3098.81
2016-09-17,Visa purchase,MARTINS POND BERKHAMPSTEAD GB,23.00,,3075.81
2016-09-19,ATM Withdrawal LINK,Withdrawal 17 September 2016,40.00,,3035.81
2016-09-19,Direct debit EE & T-MOBILE,EE & T-MOBILE,38.59,,2997.22
2016-09-19,Contactless Payment,TESCO STORES 3343 HEMEL HEMPSTE GB,4.08,,2993.14
2016-09-19,Contactless Payment,TESCO STORES 3343 HEMEL HEMPSTE GB,7.65,,2985.49
2016-09-20,Visa purchase,ASDA STORES LTD HEMEL HEMPSTE GB,20.53,,2964.96
2016-09-20,Visa purchase,MARKS&SPENCER PLC INTERNET GB,84.00,,2880.96
2016-09-22,ATM Withdrawal LINK,ATM Withdrawal LINK,10.00,,2870.96
2016-09-22,Visa purchase NETFLIX.COM,NETFLIX.COM 866-716-0414 NL,7.49,,2863.47
2016-09-22,Visa purchase,ASDA STORES LTD HEMEL HEMPSTE GB,15.07,,2848.40
2016-09-23,Bank credit NHS PROF 75219,Bank credit NHS PROF 75219,,295.62,3144.02
2016-09-23,Contactless Payment,ICELAND HEMEL HEMPSTE GB,5.50,,3138.52
2016-09-23,Visa purchase,Amazon UK Retail AMAZON.CO.UK LU,8.49,,3130.03
2016-09-23,Visa purchase,ASDA STORES LTD HEMEL HEMPSTE GB,8.79,,3121.24
2016-09-24,Visa purchase,TESCO STORES 2663 HEMEL HEMPSTE GB,39.22,,3082.02
2016-09-26,Visa purchase,VILLAGE STORE BERKHAMSTED GB,8.59,,3073.43
2016-09-27,Contactless Payment,DELIMARCHE ST ALBANS GB,2.80,,3070.63
2016-09-27,Contactless Payment,TESCO STORES 2663 HEMEL HEMPSTE GB,17.89,,3052.74
2016-09-28,ATM Withdrawal LINK,ATM Withdrawal LINK,10.00,,3042.74
2016-09-28,Contactless Payment,DELIMARCHE ST ALBANS GB,2.65,,3040.09
2016-09-28,Contactless Payment,TESCO STORES 2663 HEMEL HEMPSTE GB,10.68,,3029.41
2016-09-29,Direct debit SPECSAVERS FINANCE,SPECSAVERS FINANCE,13.00,,3016.41
2016-09-29,ATM Withdrawal LINK,ATM Withdrawal LINK,10.00,,3006.41
2016-09-29,Contactless Payment,DELIMARCHE ST ALBANS GB,2.65,,3003.76
2016-09-29,Visa purchase,ASDA STORES LTD HEMEL HEMPSTE GB,2.95,,3000.81
2016-09-29,Visa purchase,VILLAGE STORE BERKHAMSTED GB,6.49,,2994.32
2016-09-29,Contactless Payment,ICELAND HEMEL HEMPSTE GB,8.25,,2986.07
2016-09-30,Bank credit NHS PROF 75219,Bank credit NHS PROF 75219,,258.17,3244.24
2016-09-30,Visa purchase,ASDA STORES LTD HEMEL HEMPSTE GB,8.53,,3235.71
2016-09-30,Contactless Payment,ICELAND HEMEL HEMPSTE GB,10.50,,3225.21
2016-10-01,ATM Withdrawal LINK,Withdrawal 30 September 2016,30.00,,3195.21
2016-10-01,Visa purchase,AMAZON UK RETAIL AMAZON.C AMAZON.CO.UK LU,7.95,,3187.26
2016-10-01,Contactless Payment,THE PLOUGH BERKHAMSTED GB,8.00,,3179.26
2016-10-01,Visa purchase,TESCO STORES 2663 HEMEL HEMPSTE GB,32.74,,3146.52
2016-10-03,Direct debit VIRGIN MONEY,VIRGIN MONEY,50.00,,3096.52
2016-10-03,Visa purchase GOOGLE *Tinder,GOOGLE *Tinder g.co/payhelp# GB,3.10,,3093.42
2016-10-03,Visa purchase,Amazon UK Marketplace 800-279-6620 LU,18.30,,3075.12
2016-10-03,Visa purchase,Amazon UK Retail AMAZON.CO.UK LU,18.35,,3056.77
2016-10-04,Visa purchase,Amazon UK Marketplace 800-279-6620 LU,8.50,,3048.27
2016-10-04,Contactless Payment,TESCO STORES 2663 HEMEL HEMPSTE GB,12.35,,3035.92
2016-10-05,ATM Withdrawal LINK,ATM Withdrawal LINK,10.00,,3025.92
2016-10-05,Visa purchase,Amazon UK Marketplace 800-279-6620 LU,16.99,,3008.93
2016-10-06,Visa purchase,ASDA STORES LTD HEMEL HEMPSTE GB,30.85,,2978.08
2016-10-07,Bank credit NHS PROF 75219,Bank credit NHS PROF 75219,,299.45,3277.53
2016-10-08,Contactless Payment,DELIMARCHE ST ALBANS GB,2.89,,3274.64
2016-10-08,ATM Withdrawal LINK,ATM Withdrawal LINK,40.00,,3234.64
2016-10-10,Visa purchase,CARD FACTORY HEMEL HEMPSTE GB,0.89,,3233.75
2016-10-10,Contactless Payment,TFL.GOV.UK/CP TFL TRAVEL CH GB,2.40,,3231.35
2016-10-10,Contactless Payment,CROWN BERKHAMSTED GB,6.50,,3224.85
2016-10-10,Contactless Payment,CROWN BERKHAMSTED GB,10.49,,3214.36
2016-10-10,Visa purchase,ASDA STORES LTD HEMEL HEMPSTE GB,14.09,,3200.27
2016-10-10,Visa purchase,LONDON MIDLAND SEL BERKHAMSTED GB,15.10,,3185.17
2016-10-10,Visa purchase,RIVER ISLAND 132 HEMEL HEMPSTE GB,18.00,,3167.17
2016-10-10,Contactless Payment,STRONGROOM BAR LONDON GB,26.50,,3140.67
2016-10-10,Visa purchase,ECC EAST LONDON LONDON GB,35.44,,3105.23
2016-10-10,Visa purchase,T K MAXX HEMEL HEMSTEA GB,10.04,,3095.19
2016-10-10,Contactless Payment,TESCO STORES 2663 HEMEL HEMPSTE GB,24.69,,3070.50
2016-10-11,Contactless Payment,DELIMARCHE ST ALBANS GB,2.65,,3067.85
2016-10-12,Contactless Payment,DELIMARCHE ST ALBANS GB,2.65,,3065.20
2016-10-12,Contactless Payment,SHELL DACORUM HEMEL HEMPSTE GB,7.49,,3057.71
2016-10-12,Visa purchase,Amazon UK Retail AMAZON.CO.UK LU,30.00,,3027.71
2016-10-13,ATM Withdrawal LINK,ATM Withdrawal LINK,10.00,,3017.71
2016-10-13,Contactless Payment,DELIMARCHE ST ALBANS GB,4.04,,3013.67
2016-10-13,Visa purchase,ASDA STORES LTD HEMEL HEMPSTE GB,11.90,,3001.77
2016-10-14,Bank credit NHS PROF 75219,Bank credit NHS PROF 75219,,218.48,3220.25
2016-10-15,Contactless Payment,DELIMARCHE ST ALBANS GB,2.89,,3217.36
2016-10-17,Direct debit EE & T-MOBILE,EE & T-MOBILE,43.59,,3173.77
2016-10-17,Visa purchase,Amazon UK Retail AMAZON.CO.UK LU,5.99,,3167.78
2016-10-17,Contactless Payment,RED SQUIRREL BREWING C BERKHAMSTED H GB,6.20,,3161.58
2016-10-17,Contactless Payment,RED SQUIRREL BREWING C BERKHAMSTED H GB,10.50,,3151.08
2016-10-17,Contactless Payment,TESCO STORES 3343 WARNERS END GB,10.15,,3140.93
2016-10-18,Visa purchase,ASDA STORES LTD HEMEL HEMPSTE GB,16.95,,3123.98
2016-10-19,ATM Withdrawal LINK,ATM Withdrawal LINK,10.00,,3113.98
2016-10-19,Visa purchase,Amazon UK Retail AMAZON.CO.UK LU,11.99,,3101.99
2016-10-20,ATM Withdrawal LINK,ATM Withdrawal LINK,30.00,,3071.99
2016-10-20,Visa purchase,Amazon UK Marketplace 800-279-6620 LU,5.99,,3066.00
2016-10-21,Bank credit NHS PROF 75219,Bank credit NHS PROF 75219,,258.17,3324.17
2016-10-21,Visa purchase,ASDA STORES LTD HEMEL HEMPSTE GB,11.90,,3312.27
2016-10-22,ATM Withdrawal LINK,ATM Withdrawal LINK,30.00,,3282.27
2016-10-22,Contactless Payment,DELIMARCHE ST ALBANS GB,2.79,,3279.48
2016-10-22,Visa purchase NETFLIX.COM,NETFLIX.COM 866-716-0414 NL,7.49,,3271.99
2016-10-22,Visa purchase,Amazon UK Retail AMAZON.CO.UK LU,13.60,,3258.39
2016-10-24,Contactless Payment,THE GOAT BERKHAMSTED GB,10.00,,3248.39
2016-10-24,Contactless Payment,KINGS ARMS HOTEL BERKHAMSTED GB,10.20,,3238.19
2016-10-24,Contactless Payment,WAITROSE 223 BERKHAMSTED GB,13.41,,3224.78
2016-10-24,Visa purchase,TESCO STORES 2663 HEMEL HEMPSTE GB,47.27,,3177.51
2016-10-26,Visa purchase,ASDA STORES LTD HEMEL HEMPSTE GB,18.97,,3158.54
2016-10-27,Bank credit GBS RE MOJ - HMCTS,Bank credit GBS RE MOJ - HMCTS,,623.47,3782.01
2016-10-27,Contactless Payment,DELIMARCHE ST ALBANS GB,2.65,,3779.36
2016-10-28,Bank credit NHS PROF 75219,Bank credit NHS PROF 75219,,256.30,4035.66
2016-10-29,Visa purchase,TESCO STORES 2663 HEMEL HEMPSTE GB,57.90,,3977.76
2016-10-31,Direct debit SPECSAVERS FINANCE,SPECSAVERS FINANCE,13.00,,3964.76
2016-10-31,Contactless Payment,TESCO STORES 3343 HEMEL HEMPSTE GB,10.17,,3954.59
2016-11-01,Direct debit VIRGIN MONEY,VIRGIN MONEY,50.00,,3904.59
2016-11-01,ATM Withdrawal LINK,ATM Withdrawal LINK,30.00,,3874.59
2016-11-01,Visa purchase,ASDA STORES LTD HEMEL HEMPSTE GB,14.31,,3860.28
2016-11-02,Visa purchase,ASDA STORES LTD HEMEL HEMPSTE GB,6.76,,3853.52
2016-11-03,ATM Withdrawal SANTANDER,ATM Withdrawal SANTANDER,10.00,,3843.52
2016-11-03,Visa purchase,ASDA STORES LTD HEMEL HEMPSTE GB,7.96,,3835.56
2016-11-04,Bank credit NHS PROF 75219,Bank credit NHS PROF 75219,,262.05,4097.61
2016-11-04,ATM Withdrawal LINK,ATM Withdrawal LINK,10.00,,4087.61
2016-11-04,Visa purchase,ASDA STORES LTD HEMEL HEMPSTE GB,4.60,,4083.01
2016-11-05,ATM Withdrawal LINK Inc charge from ATM Owner 1.650000,ATM Withdrawal LINK Inc charge from ATM Owner 1.650000,41.65,,4041.36
2016-11-07,Contactless Payment,TESCO STORES-2089 BERKHAMSTED GB,17.35,,4024.01
2016-11-07,Contactless Payment,CINEWORLD CINEMAS HEMEL HEMPSTE GB,6.80,,4017.21
2016-11-07,Contactless Payment,TESCO STORES-2089 BERKHAMSTED GB,13.60,,4003.61
2016-11-07,Contactless Payment,BOAT BERKHAMSTED GB,26.39,,3977.22
2016-11-08,Visa purchase,ASDA STORES LTD HEMEL HEMPSTE GB,18.69,,3958.53
2016-11-08,Visa purchase,EB *EUROPES TOUGHEST M 801-413-7200 IE,136.51,,3822.02
2016-11-10,Visa purchase GOOGLE *Tinder,GOOGLE *Tinder g.co/payhelp# GB,3.10,,3818.92
2016-11-10,Visa purchase,ASDA STORES LTD HEMEL HEMPSTE GB,6.75,,3812.17
2016-11-11,Bank credit NHS PROF 75219,Bank credit NHS PROF 75219,,258.53,4070.70
2016-11-11,Visa purchase,WWW.MOONPIG.COM LTD LONDON SE1 GB,3.94,,4066.76
2016-11-11,Contactless Payment,ICELAND HEMEL HEMPSTE GB,4.55,,4062.21
2016-11-11,Visa purchase,ASDA STORES LTD HEMEL HEMPSTE GB,7.00,,4055.21
2016-11-12,Contactless Payment,DELIMARCHE ST ALBANS GB,3.79,,4051.42
2016-11-12,Visa purchase,TESCO PAYAT PUMP 3719 H HEMPSTEAD GB,42.14,,4009.28
2016-11-12,Visa purchase,TESCO STORES 2663 HEMEL HEMPSTE GB,46.99,,3962.29
2016-11-14,Payment to,PAUL ROSE,17.00,,3945.29
2016-11-14,Visa purchase,Amazon UK Marketplace 800-279-6620 LU,6.93,,3938.36
2016-11-14,Contactless Payment,CROWN BERKHAMSTED GB,24.12,,3914.24
2016-11-14,Contactless Payment,MCDONALDS HEMEL HEMPSTE GB,5.29,,3908.95
2016-11-14,Contactless Payment,TESCO STORES 2663 HEMEL HEMPSTE GB,17.71,,3891.24
